4450 6034
745 550 824 624 DE
853 549 1257 626 INOHAFFERY.
1707 559 1755 629 45

231 786 420 862 dictorum
443 783 607 884 judicum
632 807 773 857 necnon
798 795 835 856 et
858 781 969 882 figillo
993 781 1201 857 venerabilis
1232 783 1341 883 patrie
1369 783 1526 884 Philippi
1551 784 1610 861 dei
1635 785 1750 884 gratia

231 920 379 994 abbatis
406 919 453 994 de
480 917 598 993 Souna
621 917 684 1015 qui
708 913 816 1015 hujus
840 915 937 989 testie
959 916 1010 990 est
1038 914 1107 989 feei
1130 915 1263 1016 apponi
1289 959 1298 976 ·
1329 917 1450 992 datum
1475 918 1572 1016 apud
1595 917 1750 993 Soonam

231 1053 283 1126 ad
309 1052 439 1127 festum
468 1049 579 1125 sancti
613 1046 801 1132 michaelio
834 1075 929 1122 anno
957 1047 1070 1148 gratie
1103 1056 1153 1132 m⁰
1188 1057 1243 1122 oo⁰
1271 1049 1425 1149 xxx⁰vij⁰
1456 1094 1464 1110 ·
1497 1051 1579 1124 Hiis
1604 1051 1749 1126 testibus

233 1185 388 1259 domino
414 1182 569 1283 Phillipo
590 1183 717 1256 abbate
740 1195 776 1255 et
802 1179 946 1255 domino
972 1179 1011 1253 H
1038 1178 1155 1278 priore
1180 1179 1225 1254 de
1253 1179 1370 1255 Seona
1391 1225 1400 1241 ·
1424 1182 1568 1259 domino
1593 1182 1748 1258 Ricardo

232 1317 358 1418 priore
381 1317 427 1392 de
445 1313 717 1392 Oambussrenell
741 1327 778 1388 et
794 1314 959 1414 magistro
976 1312 1143 1388 Johanne
1162 1315 1295 1389 rettore
1312 1314 1450 1391 eoelefie
1468 1317 1513 1391 de
1533 1315 1717 1417 Striuillyn
1737 1357 1746 1381 ·
1819 1407 1823 1425 ἱ

232 1447 395 1523 Patricio
411 1446 485 1522 filio
502 1444 671 1526 Willelmi
688 1445 896 1520 vicecomite
913 1446 958 1519 de
976 1444 1086 1520 Perth
1103 1460 1140 1520 et
1156 1445 1276 1520 multis
1293 1446 1369 1520 aliis
1387 1486 1396 1507 ·
1573 1429 1578 1440 ⁵

236 1819 414 1920 Domitio
431 1857 468 1920 et
485 1843 585 1944 quita
601 1841 765 1919 clamatio
782 1843 827 1918 de
844 1869 914 1917 vna
929 1869 1050 1917 maroa
1065 1843 1174 1917 annui
1192 1843 1352 1919 redditus
1369 1844 1415 1921 de
1432 1844 1677 1950 Tullybordyn
1697 1889 1706 1906 ·

170 2133 220 2206 46
241 2080 439 2183 Omnibus
462 2105 554 2181 hane
579 2119 713 2182 cartam
733 2106 855 2179 visuris
880 2103 937 2180 vel
956 2105 1129 2181 audituris
1146 2105 1311 2184 Andreae
1328 2109 1374 2184 de
1390 2109 1555 2189 morauia
1570 2109 1616 2184 do
1633 2107 1749 2210 Tuly·

238 2239 536 2342 bmdynsalutem
547 2253 708 2314 eternam
720 2281 728 2298 ·
741 2239 837 2314 Oum
850 2238 1031 2339 eujusdam
1042 2245 1274 2318 controuerfie
1287 2242 1454 2318 distanoia
1466 2241 1746 2344 interreligiofos

239 2379 335 2455 viros
359 2381 524 2454 abbatem
547 2393 584 2454 et
608 2391 826 2454 conuentum
853 2378 898 2452 de
924 2377 1042 2452 Insula
1058 2379 1242 2458 missarum
1269 2403 1314 2451 ox
1338 2390 1439 2477 parte
1463 2403 1533 2450 vna
1558 2390 1594 2452 et
1618 2402 1677 2462 me
1702 2400 1749 2450 ex

241 2526 344 2614 parte
361 2511 470 2588 altera
486 2537 551 2613 per
567 2509 762 2585 triennium
779 2522 815 2585 et
832 2508 923 2584 vltra
939 2509 1053 2585 fuiffet
1070 2509 1207 2585 ratione
1219 2509 1322 2583 unius
1336 2534 1453 2584 marce
1465 2507 1576 2582 annui
1587 2507 1748 2582 redditus

242 2673 308 2748 per
333 2645 468 2720 dietum
494 2658 636 2742 tempus
666 2642 816 2718 odietis
844 2640 1010 2741 religiosis
1036 2669 1102 2742 per
1128 2669 1186 2717 me
1212 2641 1358 2717 detento
1385 2653 1422 2717 et
1445 2641 1615 2716 abstracte
1640 2665 1749 2739 quam

244 2776 390 2878 quidem
413 2802 569 2850 marcam
593 2774 679 2849 dicti
703 2773 852 2873 religiofi
881 2774 1074 2848 afferebant
1099 2775 1133 2848 se
1157 2773 1347 2875 pereepiffe
1374 2773 1558 2847 annuatim
1585 2773 1632 2847 ad
1658 2772 1749 2846 duos

246 2909 417 2986 terminos
441 2907 604 2983 videlicet
630 2907 677 2981 ad
702 2907 789 2981 festa
815 2907 1017 3008 pentioostie
1042 2920 1079 2982 et
1103 2908 1212 2982 sancti
1232 2907 1381 2990 martini
1405 2907 1451 2983 de
1476 2919 1680 2982 tenemento
1705 2907 1751 2980 de

247 3040 483 3142 Tulybardyn
500 3039 646 3114 nomine
662 3039 839 3114 dictarum
857 3039 1075 3113 deeimarum
1092 3041 1250 3141 ejusdem
1269 3081 1277 3098 ·
1297 3037 1433 3113 Habita
1448 3037 1531 3113 hino
1548 3037 1632 3113 indo
1648 3039 1752 3138 super

246 3173 314 3248 hac
330 3173 423 3248 inter
439 3172 529 3273 ipsos
546 3185 582 3246 et
598 3197 657 3246 me
673 3171 788 3271 sepius
803 3169 875 3245 litis
892 3169 1120 3246 altercatione
1140 3171 1287 3246 tandem
1303 3169 1349 3244 ad
1367 3169 1626 3245 ordinationem
1641 3195 1751 3244 vene-

246 3305 365 3380 rabilia
389 3305 501 3406 patris
526 3305 562 3377 in
591 3302 732 3379 Christo
752 3302 887 3378 domini
907 3303 1074 3386 mauricii
1096 3303 1155 3378 dei
1177 3303 1291 3404 gratia
1314 3301 1466 3403 episcopi
1488 3300 1751 3376 Dunblanenfis

247 3439 391 3539 cognita
411 3438 464 3512 rei
484 3437 631 3513 veritate
654 3437 840 3512 euidenter
859 3452 1041 3536 repertum
1064 3449 1141 3510 erat
1160 3436 1257 3537 quod
1279 3435 1406 3537 prefati
1426 3435 1574 3537 religiofi
1594 3449 1631 3509 et
1650 3434 1752 3507 suum

248 3569 494 3656 monasterium
523 3570 668 3645 fuerunt
697 3571 735 3644 in
764 3570 964 3671 poffeflione
993 3569 1141 3670 pacifica
1170 3581 1376 3669 atempore
1405 3571 1508 3669 cujus
1537 3594 1609 3640 non
1639 3567 1752 3643 exstat

249 3703 419 3781 memoria
440 3701 536 3778 illam
555 3729 710 3777 maroam
735 3715 774 3775 vt
798 3700 1017 3802 premittitur
1039 3699 1234 3800 recipiendi
1253 3700 1446 3774 seeundum
1461 3701 1558 3800 quod
1580 3699 1618 3774 in
1641 3697 1751 3774 literis

249 3837 482 3914 donationum
499 3837 752 3912 anteoefforum
768 3860 930 3910 meorum
947 3834 1030 3911 inde
1047 3833 1218 3909 confectis
1240 3833 1380 3935 plenius
1400 3833 1529 3909 dieitur
1549 3833 1722 3910 contineri
1740 3875 1750 3896 ·

249 3969 372 4044 Deum
382 3968 476 4044 enim
487 3967 622 4043 habens
632 3993 696 4069 pre
706 3966 817 4042 oeulis
827 3982 979 4066 votaque
988 3966 1049 4068 pia
1058 3979 1248 4067 parentum
1256 3991 1417 4040 meorum
1427 3965 1618 4067 infringere
1628 3964 1752 4041 nolens

250 4101 309 4178 sed
329 4103 449 4204 potius
465 4127 593 4202 augere
616 4127 684 4175 nee
700 4100 815 4175 dictos
830 4099 1008 4200 religiosos
1022 4097 1170 4174 ulterius
1187 4125 1315 4174 vexare
1332 4098 1459 4200 injuste
1476 4099 1622 4200 cupiens
1639 4113 1752 4178 totam

251 4234 495 4311 clamationem
512 4261 578 4335 per
593 4261 652 4308 me
668 4247 783 4308 ortam
799 4234 858 4308 seu
873 4232 1030 4307 habitam
1046 4231 1103 4306 vel
1122 4259 1187 4333 per
1202 4258 1261 4307 me
1278 4246 1340 4307 aut
1355 4233 1503 4308 heredes
1519 4259 1617 4308 meon
1633 4232 1751 4332 aliquo

250 4369 357 4445 modo
373 4367 477 4442 titulo
493 4367 549 4442 vel
566 4383 726 4470 tempore
742 4368 780 4442 in
797 4367 890 4442 diota
905 4367 1084 4442 marcado
1100 4379 1218 4442 cetero
1230 4365 1430 4440 habendam
1443 4366 1571 4440 eisdem
1587 4365 1752 4467 religione

249 4504 375 4604 sponte
394 4515 431 4576 et
452 4500 593 4599 penitus
615 4503 751 4602 refigno
773 4515 809 4575 et
829 4500 1112 4600 prenominatam
1135 4525 1291 4573 maroam
1314 4511 1355 4573 ut
1377 4499 1573 4600 predittum
1594 4501 1643 4574 est
1662 4525 1753 4599 quo-

250 4634 338 4712 libet
361 4661 455 4710 anno
479 4634 745 4736 percipiendam
773 4632 856 4708 Deo
889 4646 926 4708 et
954 4635 1058 4712 beatu
1083 4633 1201 4716 marie
1225 4645 1262 4708 et
1285 4633 1390 4709 beato
1415 4631 1571 4709 Johanni
1600 4633 1752 4733 apostolo
