4450 6034
749 537 830 612 DE
857 533 1260 614 INOHAFFERY.
1716 548 1762 616 15
1925 557 1927 562 '

244 783 281 844 et
302 767 534 870 Euangeliste
558 768 605 844 de
630 766 748 843 Insula
777 767 962 854 oeisl‘amm
987 782 1025 844 et
1048 767 1188 844 Abbati
1211 783 1249 844 et
1275 768 1481 846 Oenuontui
1510 771 1666 872 ejusdem
1690 770 1759 850 loci

245 905 281 976 in
310 927 441 1002 puram
465 914 504 977 et
527 915 739 1001 perpetuam
765 898 988 976 elemosinam
1015 901 1087 976 duo
1115 902 1205 977 tofta
1230 916 1266 978 et
1288 916 1441 1003 quatuor
1467 929 1566 978 aeras
1594 917 1688 979 terre
1722 919 1758 982 et

242 1034 423 1133 pnslnrnm
451 1032 579 1134 viginti
607 1058 793 1108 vaoearnm
819 1045 856 1107 et
881 1033 1064 1134 sexaginta
1092 1035 1215 1110 ouium
1241 1049 1278 1110 et
1307 1035 1460 1110 duorum
1486 1062 1659 1136 equorum
1687 1065 1757 1140 que

242 1165 409 1241 dominus
434 1166 615 1242 liebertus
639 1166 685 1241 de
709 1166 860 1251 oeokfen
888 1191 954 1265 per
978 1167 1149 1242 asl'ens'um
1174 1168 1318 1243 domine
1343 1167 1465 1246 Soline
1490 1169 1607 1245 vxoris
1633 1171 1693 1248 sue
1720 1187 1757 1248 et

241 1297 435 1374 liberorum
456 1299 597 1374 suorum
619 1297 670 1373 eis
692 1298 793 1373 dedit
812 1299 852 1372 in
871 1297 954 1373 uilla
973 1299 1020 1375 de
1037 1299 1275 1401 Kenaydhem
1293 1327 1362 1400 que
1379 1301 1446 1376 alio
1463 1303 1607 1380 nomino
1624 1304 1755 1379 dieitur

242 1432 438 1535 Dolpatrik
462 1459 547 1508 oum
572 1433 736 1508 omnibus
761 1432 837 1507 aliis
862 1434 1109 1508 communibus
1135 1434 1345 1510 aisiamentis
1372 1435 1529 1536 ejusdem
1553 1436 1635 1514 ville
1658 1438 1754 1512 Ten-

241 1568 352 1642 eudas
382 1566 445 1642 sibi
473 1581 511 1643 et
538 1566 761 1668 possidendas
793 1566 1060 1667 imperpetuum
1093 1567 1144 1642 ita
1176 1567 1285 1644 libere
1314 1582 1351 1642 et
1380 1569 1498 1668 quiete
1528 1569 1685 1671 plenarie
1716 1585 1754 1646 et

240 1699 434 1776 honorilice
458 1703 545 1776 sicut
575 1701 670 1776 idem
700 1699 866 1774 dominus
896 1699 1077 1775 liebertus
1104 1700 1155 1776 eis
1182 1701 1308 1776 eadem
1337 1715 1435 1776 carta
1463 1703 1523 1776 sua
1550 1704 1634 1779 inde
1660 1705 1753 1780 fana

239 1839 427 1914 confirmat
455 1837 549 1912 saluo
579 1849 656 1911 toto
682 1835 852 1910 forinseco
879 1835 1026 1911 seruitio
1055 1835 1152 1936 quod
1179 1849 1253 1910 tam
1277 1835 1348 1937 ipse
1377 1837 1542 1911 dominus
1569 1837 1751 1915 Robertus

238 1998 347 2073 quam
372 1970 522 2046 heredes
543 1969 595 2044 sui
617 1995 684 2070 pro
699 1968 845 2068 prefatis
862 1967 1008 2043 Abbate
1024 1983 1062 2044 et
1078 1984 1260 2045 conuentu
1279 1969 1318 2043 in
1334 1983 1547 2072 perpetuum
1565 1972 1751 2071 adquietu-

238 2105 331 2179 bunt
346 2107 435 2180 sient
450 2104 523 2203 ipse
538 2103 576 2176 in
593 2103 751 2204 predidla
766 2115 864 2178 carta
879 2101 940 2177 sua
956 2103 1127 2178 testatur·
1147 2103 1230 2179 Hiis
1248 2103 1393 2179 testibus
1408 2144 1417 2162 ·
1432 2104 1578 2180 domino
1593 2106 1630 2179 R
1651 2151 1658 2167 ·
1677 2108 1750 2184 silio

239 2238 371 2340 Lngan
391 2237 501 2322 toilite
516 2264 596 2314 meo
611 2279 619 2295 ·
635 2237 667 2310 B
682 2281 691 2298 ·
708 2239 755 2314 de
772 2238 887 2312 dunin
903 2235 1087 2314 senescallo
1103 2263 1184 2312 meo
1203 2237 1371 2314 domino
1388 2239 1448 2314 R·
1467 2239 1671 2342 capellano·
1688 2245 1749 2318 H·

240 2371 313 2447 silio
340 2371 513 2446 Tristram
540 2372 704 2446 rennario
737 2399 819 2447 meo
847 2411 856 2431 ·
889 2371 927 2448 G
955 2412 965 2430 ·
993 2372 1039 2446 de
1064 2371 1223 2454 morauia
1249 2413 1259 2433 ·
1291 2372 1463 2448 Tristram
1491 2373 1536 2449 de
1565 2375 1683 2478 Gorty
1712 2392 1750 2454 et

240 2501 364 2578 multis
381 2502 486 2576 aliis·

248 2871 369 2973 Carta
385 2896 541 2974 Gilberti
557 2896 696 2972 comitis
714 2895 759 2971 de
775 2895 879 2971 terris
896 2895 1151 2988 canonicorum
1167 2936 1175 2955 ·

184 3168 229 3240 13
248 3137 444 3239 Gilbertus
460 3189 578 3237 eomes
594 3163 640 3237 de
655 3160 870 3261 Stratheryn
886 3160 1051 3236 omnibus
1067 3159 1189 3234 amieis
1207 3173 1244 3236 et
1258 3159 1463 3238 hominibus
1479 3164 1548 3240 suis
1564 3164 1698 3242 clericis
1715 3180 1752 3242 et

243 3297 341 3374 laicis
364 3296 511 3373 salutem
538 3295 664 3371 Sciant
688 3295 868 3396 presentes
893 3306 930 3369 et
953 3294 1065 3369 surturi
1086 3319 1145 3370 me
1167 3293 1311 3395 pietatis
1334 3295 1468 3372 intuitu
1493 3312 1530 3373 et
1552 3325 1617 3400 pro
1641 3299 1751 3375 salute

243 3429 362 3504 anime
394 3455 474 3504 mee
500 3443 537 3504 et
565 3426 720 3511 matildis
747 3426 916 3502 comitisse
946 3427 992 3502 de
1018 3425 1232 3528 Stratheryn
1265 3429 1383 3504 uxoris
1410 3442 1449 3506 et
1476 3431 1589 3532 patris
1617 3431 1688 3506 mei
1715 3446 1752 3508 et

243 3563 364 3647 (nauis
386 3588 466 3639 mee
487 3561 717 3637 etheredum
743 3587 905 3636 meorum
930 3559 1060 3635 dedisse
1090 3571 1128 3635 et
1158 3562 1351 3637 oonoeffiffe
1381 3579 1418 3640 et
1447 3563 1514 3639 bao
1545 3580 1644 3640 carta
1670 3592 1751 3641 mea

243 3697 464 3775 confirmasse
491 3695 575 3771 Deo
611 3710 648 3771 et
681 3693 823 3771 ecclesio
856 3693 962 3770 sandii
991 3692 1167 3770 Jobannis
1193 3694 1356 3796 Apostoli
1382 3712 1419 3773 ot
1449 3697 1675 3799 Euangelisle
1704 3700 1750 3774 de

243 3829 447 3906 Inebnffren
469 3841 506 3902 et
523 3827 701 3903 eanonicis
723 3827 858 3902 ibidem
883 3826 951 3902 deo
973 3826 1205 3902 seruientibus
1228 3840 1265 3902 et
1283 3827 1463 3904 seruitutis
1488 3843 1600 3906 totam
1617 3845 1749 3907 terrem

243 3965 289 4040 de
306 3963 493 4063 Ardewny
511 3987 577 4063 per
600 3962 712 4036 redies
734 3959 864 4035 diuisas
882 3960 962 4034 suas
982 3974 1020 4035 et
1039 3955 1123 4034 euin
1143 3959 1309 4034 omnibus
1321 3962 1425 4061 justis
1441 3963 1664 4063 pertinentiis
1680 3965 1750 4040 suis

243 4111 415 4174 ettotam
437 4109 570 4170 terram
585 4094 632 4170 de
648 4092 831 4169 thlonxi
849 4118 914 4193 per
933 4093 1045 4167 radias
1064 4091 1189 4168 divisas
1209 4093 1287 4169 suas
1308 4109 1346 4170 et
1367 4121 1452 4170 oum
1469 4097 1633 4171 omnibus
1645 4099 1750 4196 justis

242 4229 468 4334 pertinentiis
484 4229 553 4304 suis
569 4242 735 4305 ettotam
753 4241 884 4303 terram
902 4228 947 4302 de
963 4226 1149 4301 Duffindir
1166 4254 1231 4329 per
1247 4231 1359 4306 redas
1376 4231 1504 4306 diuisas
1520 4233 1597 4308 suas
1614 4248 1651 4309 et
1667 4261 1749 4312 oum

243 4363 408 4441 omnibus
429 4361 532 4462 justis
554 4361 779 4462 pertinentiis
802 4375 839 4435 et
860 4375 975 4435 totam
995 4375 1128 4435 terram
1150 4360 1247 4434 illam
1268 4361 1313 4438 de
1334 4361 1545 4467 stladdyrpn
1562 4393 1634 4464 que
1651 4371 1748 4445 auti.

243 4497 363 4599 quitus
386 4494 550 4570 Abbaoia
573 4494 769 4570 vocabatur
792 4519 858 4596 per
881 4495 994 4568 redies
1018 4493 1147 4570 diuisas
1176 4496 1254 4570 suas
1280 4511 1316 4571 et
1346 4523 1429 4572 oum
1455 4500 1619 4574 omnibns
1643 4503 1747 4602 justis
1794 4496 1821 4577 'i

242 4626 465 4734 pertinentiis
485 4628 555 4704 suis
571 4627 764 4704 Tenendns
786 4627 825 4701 in
848 4625 995 4703 liberam
1018 4653 1144 4729 puram
1171 4645 1207 4706 et
1232 4645 1445 4730 perpetuum
1466 4630 1681 4708 elimosinam
1705 4637 1745 4712 in
