4450 6034
473 569 520 636 14
1043 563 1405 642 REGISTRUM

472 792 633 893 ‹osgissro
655 792 689 866 L
708 832 718 852 ·
737 793 870 868 deceno
888 793 1134 872 Dunblnnsnfi
1152 837 1162 859 ·
1181 795 1301 874 Bricio
1317 797 1363 873 de
1380 797 1523 900 Dunyn
1541 835 1553 860 ·
1570 795 1713 872 Thome
1729 795 1857 873 clerico
1873 822 1951 872 meo
1969 835 1978 856 ·

473 924 611 1009 malitie
628 939 759 1026 nepote
775 951 855 1001 meo
872 924 1031 1002 etaliis·
1904 959 1910 970 ·

476 1298 725 1400 Confirmatio
742 1323 912 1402 Willelmi
938 1324 1049 1426 Regis
1072 1325 1179 1426 super
1202 1323 1306 1399 terris
1325 1323 1536 1400 Auchlnnxi
1562 1363 1573 1384 ·
1599 1325 1814 1425 Ardewny·
1837 1324 1980 1400 Duffin-

475 1457 532 1530 dir
549 1497 558 1514 ·
577 1472 615 1532 et
630 1456 820 1534 Ardbsnin
838 1477 876 1534 et
892 1446 1059 1532 Belefirl'·

413 1723 456 1792 ll
475 1697 704 1800 Willelmue
730 1723 804 1798 Dei
830 1723 946 1824 gretia
968 1723 1052 1799 Rex
1075 1721 1282 1798 Scottorum
1308 1722 1474 1798 omnibus
1499 1723 1620 1825 probis
1644 1723 1850 1802 hominibus
1876 1723 1981 1800 totius

474 1875 568 1934 terre
592 1859 652 1934 luc
669 1856 804 1933 clericis
829 1872 866 1932 et
881 1855 979 1932 laicis
1000 1855 1148 1932 salutem
1175 1854 1299 1930 Sciant
1319 1857 1497 1957 presentes
1518 1870 1555 1932 et
1575 1857 1686 1933 futuri
1710 1884 1769 1933 me
1794 1857 1983 1934 conoefllllo

474 2004 511 2066 et
528 1990 595 2065 hoc
612 2004 710 2066 corte
726 2015 807 2066 mco
825 1989 1043 2065 confirmnffe
1059 1987 1143 2064 Deo
1163 2000 1200 2064 et
1220 1987 1361 2064 ecclslle
1381 1989 1487 2066 sancti
1504 1989 1680 2066 Johsnnis
1697 1991 1925 2092 Euangeliste
1942 1991 1986 2065 de

475 2122 679 2224 Inehnffryn
706 2138 743 2198 et
763 2121 941 2197 cononicis
967 2121 1104 2196 ibidem
1125 2120 1208 2196 Deo
1228 2121 1461 2196 seruientibus
1489 2135 1526 2196 et
1551 2120 1730 2197 seruituris
1757 2119 1985 2197 donationem

474 2255 570 2331 illem
597 2282 705 2355 quem
731 2279 850 2330 comes
875 2253 1060 2330 Gilbortus
1087 2253 1133 2329 (le
1160 2252 1371 2354 Strctheryn
1398 2253 1449 2329 cis
1473 2254 1557 2330 fecit
1582 2255 1628 2330 de
1648 2253 1858 2330 Auchlunxi
1879 2267 1916 2329 et
1940 2254 1984 2328 de

474 2389 663 2488 Ardewny
681 2402 719 2463 et
733 2386 975 2488 Dromfindpr
990 2401 1028 2462 et
1043 2386 1221 2487 Ardbsny
1239 2425 1248 2446 ·
1272 2401 1310 2462 et
1327 2385 1500 2462 Bellefule
1517 2427 1527 2448 ·
1551 2387 1764 2462 Tenendnm
1780 2387 1819 2460 in
1836 2386 1984 2462 liberem

475 2537 511 2594 et
527 2545 657 2619 puram
676 2532 714 2593 et
739 2530 952 2619 perpetuom
979 2516 1194 2592 elimofinsm
1210 2544 1276 2618 per
1291 2519 1409 2594 notice
1425 2518 1556 2592 diuisas
1571 2518 1650 2592 lues
1665 2532 1704 2594 et
1720 2543 1804 2593 cum
1820 2517 1983 2594 omnibus

470 2651 574 2750 justis
601 2649 825 2751 pertinentiis
852 2648 923 2723 suis
949 2648 1001 2724 ito
1025 2647 1135 2724 libere
1161 2649 1280 2749 quiete
1306 2649 1466 2751 plenarie
1493 2663 1530 2724 et
1555 2648 1748 2726 honorifice
1774 2651 1863 2726 ficut
1888 2663 1985 2725 corto

474 2783 785 2892 predicii'comitie
803 2781 959 2858 Gilberti
977 2781 1023 2856 de
1041 2780 1254 2884 Strotheryn
1273 2784 1368 2881 juste
1390 2784 1537 2860 testatur
1559 2781 1654 2858 saluo
1674 2783 1819 2858 seruicio
1839 2785 1983 2858 nostro·

478 2916 644 2993 Testibus
661 2913 840 2990 Willelmo
856 2914 1032 3015 Episcopo
1051 2912 1171 2990 Sancti
1188 2915 1337 2994 Andros
1359 2955 1369 2976 ·
1388 2915 1550 3016 Hugone
1566 2914 1613 2991 de
1630 2916 1854 3016 mortymnre
1869 2916 1984 3018 priore

476 3053 523 3126 de
540 3048 631 3130 ttaii
648 3090 658 3111 ·
677 3048 806 3124 comite
823 3035 1015 3130 mosomo
1035 3047 1082 3124 de
1097 3049 1179 3149 ffyff
1192 3091 1200 3109 ·
1219 3048 1388 3151 Philippo
1404 3049 1450 3125 de
1466 3047 1627 3124 Valoniis
1645 3048 1851 3126 Oemerorio
1869 3047 1984 3122 ·Wil-

476 3183 582 3261 lelmo
594 3183 729 3261 Oumin
746 3223 755 3244 ·
775 3182 910 3268 melico
925 3181 998 3258 filio
1014 3181 1155 3258 comitis
1172 3181 1203 3256 F
1204 3182 1321 3260 erteth
1338 3223 1348 3244 ·
1368 3181 1528 3258 Woltero
1547 3180 1699 3283 Olyford
1716 3221 1726 3244 ·
1745 3180 1923 3258 Willelmo
1939 3181 1983 3258 de

476 3318 636 3395 Valoniis
654 3358 663 3376 ·
682 3315 890 3393 Alexandro
905 3316 1113 3392 vicecomite
1123 3315 1169 3392 do
1188 3314 1399 3417 Streuyllyn
1417 3355 1425 3373 ·
1445 3313 1625 3392 Willelmo
1644 3314 1785 3392 Giffsrd
1809 3355 1819 3375 ·
1845 3313 1983 3416 Philipo

475 3451 522 3526 de
537 3449 686 3528 Lundin
703 3448 801 3550 apud
819 3447 1026 3549 Strcnyllyn
1041 3457 1106 3522 xx⁰
1123 3448 1182 3523 die
1198 3447 1222 3524 J
1225 3446 1286 3526 ulii
1304 3487 1313 3508 ·

477 3821 723 3924 Confirmatio
743 3845 894 3922 nobee
916 3844 1055 3920 comitis
1074 3844 1178 3946 super
1200 3843 1449 3920 contiones
1478 3883 1487 3904 ·
1515 3844 1561 3922 ce
1582 3845 1734 3926 Messon
1758 3847 1803 3924 se
1832 3848 1927 3926 ons
1948 3863 1983 3922 e

475 3995 627 4080 quotuor
643 3978 734 4054 acris
751 3979 790 4056 in
807 3977 1041 4079 Delpatryk·
1134 3985 1141 3994 '

410 4261 456 4330 12
474 4221 672 4323 Robertus
691 4269 809 4320 comes
829 4242 874 4317 de
896 4240 1109 4342 Strotheryn
1133 4239 1298 4316 omnibus
1319 4239 1439 4341 probis
1458 4240 1662 4320 hominibus
1682 4245 1791 4322 totius
1812 4261 1906 4324 terre
1925 4250 1983 4324 lue

473 4398 549 4458 tam
567 4377 703 4456 clericis
723 4403 832 4479 quem
851 4375 949 4452 lsicis
968 4375 1115 4451 salutm
1142 4413 1153 4438 ·
1180 4373 1304 4450 Sciant
1324 4373 1502 4474 presentes
1519 4394 1555 4454 et
1574 4375 1686 4456 futuri
1709 4405 1769 4456 me
1791 4383 1982 4458 concsffiffe

473 4514 592 4594 etheo
608 4525 707 4590 corto
722 4537 803 4588 mes
818 4509 1036 4588 confirmasse
1051 4508 1136 4585 Deo
1153 4519 1191 4584 et
1210 4509 1313 4584 boote
1333 4508 1451 4591 atarto
1467 4523 1503 4585 et
1520 4511 1624 4588 besto
1641 4511 1666 4588 J
1668 4511 1800 4594 ohsnni
1812 4517 1981 4618 Apostolo
