4450 6034
742 498 820 576 DE
853 499 1259 580 INOHAFFERY.
1729 513 1753 580 5

237 734 284 809 nd
305 733 570 813 dedicationem
587 735 719 836 capelle
735 737 841 839 ipsius
866 776 877 800 ·
904 738 986 816 Hec
1002 739 1113 841 igitur
1129 739 1249 815 omnia
1265 765 1349 814 oum
1365 739 1530 815 omnibus
1547 739 1594 814 nd
1610 765 1653 816 en
1669 766 1753 841 per-

238 866 436 944 tinentibus
451 868 614 944 volumus
632 884 677 945 ut
693 870 851 970 prefatus
871 870 1030 955 &elifius
1048 886 1085 947 et
1105 871 1255 946 universi
1277 897 1361 946 cum
1382 899 1424 948 eo
1444 871 1501 946 vel
1520 873 1598 972 post
1614 899 1698 948 eum
1714 873 1753 946 in

238 1000 377 1102 prosata
391 999 504 1076 insule
515 999 599 1076 Deo
611 1000 799 1077 servientes
811 1015 848 1078 et
859 1002 1020 1079 servituri
1036 1003 1074 1076 in
1089 1028 1178 1103 pace
1191 1003 1265 1078 Dei
1277 1019 1313 1081 et
1327 1003 1464 1080 domini
1480 1005 1574 1106 regis
1587 1019 1623 1080 et
1635 1005 1753 1080 nostre

238 1145 387 1208 teneant
405 1146 443 1207 et
461 1132 657 1234 possideant
672 1132 719 1207 de
741 1133 843 1208 nobis
865 1149 903 1210 et
924 1134 1115 1210 heredibus
1137 1135 1263 1210 nostris
1279 1137 1318 1210 in
1340 1161 1467 1236 puram
1484 1152 1522 1213 et
1541 1151 1754 1239 perpetuam

238 1263 463 1340 elemosinnm
481 1291 547 1366 pro
563 1265 672 1340 salute
687 1266 806 1341 nostra
825 1280 863 1342 et
880 1265 1073 1343 liberorum
1093 1279 1297 1342 nostrorum
1314 1283 1351 1344 et
1373 1269 1533 1344 omnium
1555 1269 1754 1345 amicorum

239 1411 444 1472 nostronrm
469 1411 506 1472 et
529 1423 595 1499 pro
622 1396 808 1472 animabus
835 1399 997 1474 omnium
1022 1401 1279 1477 antecessorum
1303 1402 1501 1477 nostrorum
1523 1415 1561 1476 et
1584 1401 1754 1503 precipue

239 1555 303 1629 pro
322 1529 449 1606 enimn
461 1530 606 1608 Gilcrist
624 1532 853 1634 primogeniti
872 1532 981 1607 nostri
1001 1532 1136 1609 ibidem
1161 1533 1368 1633 quiescentis
1397 1575 1406 1593 ·
1433 1533 1484 1608 ite
1503 1532 1612 1608 libem
1632 1533 1753 1632 quiete

239 1661 397 1761 plenarie
413 1676 454 1738 et
469 1663 665 1741 honorifice
680 1667 768 1741 sicut
787 1663 906 1765 aliqua
925 1666 1053 1740 domus
1068 1664 1247 1767 religionis
1264 1665 1301 1738 in
1327 1678 1403 1740 toto
1419 1691 1529 1766 regno
1547 1663 1754 1741 Scottorum

237 1794 315 1870 snus
330 1795 550 1896 possessiones
565 1795 710 1872 liberius
727 1797 886 1898 quietius
910 1796 1092 1899 plenarius
1115 1813 1152 1874 et
1175 1796 1464 1874 honorificentius
1487 1811 1587 1874 tenet
1611 1813 1648 1874 et
1671 1799 1752 1898 pos-

240 1929 327 2004 sidet
352 1971 362 1988 ·
390 1928 570 2005 Omnibus
585 1956 670 2006 reno
685 1931 812 2008 nostris
828 1957 874 2005 ex
889 1943 992 2032 parto
1008 1929 1083 2007 Dei
1102 1945 1140 2007 et
1160 1931 1277 2008 nostre
1292 1932 1442 2006 firmiter
1460 1931 1689 2034 probibemus
1705 1959 1752 2008 ne

241 2062 426 2161 quisquam
442 2087 565 2138 eorum
583 2062 701 2138 eidem
717 2062 795 2139 loco
811 2061 867 2138 vel
887 2065 964 2163 ejus
987 2063 1154 2138 ministris
1171 2067 1239 2140 five
1256 2063 1363 2141 etiam
1383 2091 1449 2166 pro
1468 2090 1556 2166 pace
1572 2065 1754 2164 querende

241 2194 289 2269 nd
316 2219 401 2269 eum
428 2193 713 2296 confugientibus
739 2194 874 2296 aliquid
896 2195 1056 2272 molestie
1080 2195 1138 2272 rel
1162 2197 1294 2298 injurie
1319 2196 1448 2272 inserat
1471 2197 1576 2298 super
1599 2199 1753 2272 nostram

241 2327 438 2428 plenariam
461 2327 710 2404 forisfacturam
736 2369 746 2390 ·
772 2330 977 2430 quicunque
992 2357 1076 2407 vcro
1096 2331 1294 2408 misicorum
1313 2330 1369 2408 vel
1388 2330 1548 2407 fidolium
1567 2330 1753 2406 bominum

241 2463 438 2536 nostrorum
451 2459 569 2537 eidem
584 2459 661 2536 loco
673 2461 792 2562 eliqua
807 2462 854 2538 de
869 2463 938 2538 suis
953 2461 1182 2540 facultatibus
1196 2463 1382 2540 ceritatiuo
1394 2462 1584 2539 contulerit
1596 2463 1754 2540 conserat

243 2592 467 2670 eidominus
488 2593 584 2668 bonn
604 2594 643 2667 in
665 2608 763 2670 terra
781 2594 985 2670 uiuentium
1013 2639 1021 2656 ·
1048 2595 1165 2671 saec.
1181 2597 1232 2672 est
1252 2595 1320 2672 hec
1342 2597 1562 2673 confirmatio
1586 2623 1682 2672 enno
1709 2597 1754 2672 eb

243 2724 489 2801 incarnatione
522 2724 680 2800 Domini.
710 2725 891 2802 millesimo
924 2737 1002 2803 oc¹²⁰
1035 2729 1229 2805 indistione
1261 2729 1367 2804 tertie
1400 2755 1494 2804 anno
1527 2728 1629 2828 regni
1660 2729 1754 2829 regis

244 2856 416 2934 Willeimi
440 2868 552 2932 mr⁰
578 2901 587 2919 ·
613 2860 659 2934 ab
680 2858 780 2934 obitu
800 2861 1040 2960 prenominati
1064 2862 1129 2936 filii
1151 2862 1260 2938 nostri
1285 2858 1431 2937 Gilorist
1454 2886 1549 2937 enno
1571 2860 1753 2936 secundo·

244 2990 331 3066 obiit
347 3003 468 3066 eutem
485 2989 590 3068 tertio
605 3017 719 3066 nones
730 2990 894 3068 Onobris
909 3034 918 3052 ·
934 2992 1056 3093 Hujus
1067 3005 1189 3068 cutem
1207 2989 1407 3066 donationis
1424 3005 1461 3067 et
1477 2990 1754 3068 confirmationis

243 3122 323 3198 sunt
349 3123 456 3197 testes
466 3121 571 3222 hrJ
601 3122 766 3224 Rogerus
790 3123 987 3225 Episcopus
1015 3121 1122 3197 saneti
1147 3120 1296 3196 Andree
1317 3161 1327 3181 ·
1351 3119 1533 3197 Jobnnnes
1555 3121 1754 3222 Episcopus

245 3255 511 3332 Dunlreldensis
540 3295 550 3316 ·
580 3256 757 3332 Jonntbns
786 3257 982 3358 Episcopus
1009 3256 1276 3330 Dunblnnensis
1306 3293 1315 3314 ·
1350 3254 1528 3329 Henrious
1554 3253 1681 3330 Abbes
1707 3256 1754 3332 de

244 3388 526 3489 Abbyrbrothok
550 3432 560 3449 ·
585 3388 820 3466 Roimbnldus
837 3390 963 3466 Abbas
980 3390 1025 3467 de
1044 3388 1163 3464 Scone
1189 3429 1198 3448 ·
1227 3389 1407 3464 Rubertus
1426 3388 1620 3464 Abbnsde
1643 3390 1754 3463 Dun-

243 3519 397 3622 sormlyn
428 3563 436 3582 ·
472 3523 654 3599 Robertus
688 3521 734 3598 de
764 3522 911 3625 Quincy
945 3565 954 3583 ·
989 3521 1134 3598 Soierus
1164 3520 1210 3596 de
1241 3520 1386 3623 Quincy
1418 3563 1426 3582 ·
1453 3519 1618 3604 melisius
1646 3521 1755 3596 freter

244 3653 384 3729 comitis
404 3693 415 3714 ·
433 3651 662 3730 Willelmus·
683 3653 864 3730 Fertbend
880 3693 891 3716 ·
908 3653 1091 3730 Bobertus
1109 3693 1119 3714 ·
1140 3651 1205 3726 filii
1221 3652 1360 3728 comitis
1379 3694 1388 3713 ·
1406 3651 1570 3730 Gillimes
1587 3651 1725 3754 dapifer
1743 3693 1753 3712 ·

244 3783 405 3868 melisius
419 3785 513 3862 silius
528 3789 629 3886 ejus·
643 3785 899 3863 Constantinus
912 3786 1027 3888 judex
1041 3825 1050 3846 ·
1064 3784 1288 3860 Dunecanus
1304 3784 1397 3859 filius
1415 3783 1551 3887 ttinlicij
1568 3785 1757 3862 ·Anechol

245 3915 390 3993 uenus
406 3918 452 3994 oe
468 3918 619 3997 nume
635 3962 646 3983 ·
665 3919 811 3997 euers
829 3962 838 3980 ·
857 3899 956 3996 esu
971 3918 1162 4022 .ng011112
1179 3920 1225 3996 αθ
1242 3918 1457 4021 nepueu
1474 3960 1484 3981 ·
1503 3919 1755 3996 decennus·

245 4047 502 4128 Constantinus
517 4052 687 4152 pincerna
705 4095 714 4112 ·
734 4052 915 4128 Henricus
932 4052 1136 4128 Rennarius
1154 4094 1164 4113 ·
