4450 6034
461 555 511 642 76
1036 545 1396 625 REGISTRUM

462 782 594 861 ibidem
621 781 705 858 Deo
729 781 963 859 seruientibus
983 797 1022 858 et
1041 782 1224 858 seruitutis
1248 797 1384 858 terram
1409 782 1564 856 nostram
1589 781 1626 855 in
1652 781 1878 884 maddirnpn
1904 810 1973 883 que

463 932 561 993 terra
577 929 726 991 vocatur
742 914 893 990 Abthen
909 941 974 1014 per
990 916 1068 990 suas
1082 917 1200 992 nessus
1217 915 1344 992 diuisas
1358 941 1440 991 cum
1453 916 1616 990 omnibus
1629 943 1644 1016 J
1650 916 1733 990 ustis
1749 916 1974 1020 pertinentijs

462 1052 532 1127 suis
557 1049 840 1148 adpetitionem
869 1048 1029 1126 Gilberti
1054 1049 1195 1125 comitis
1222 1052 1267 1126 de
1295 1048 1508 1151 Stratheryu
1535 1063 1572 1125 et
1598 1049 1717 1125 fratris
1737 1053 1815 1150 ejus
1835 1053 1880 1134 α)
1906 1093 1915 1112 ·
1935 1052 1972 1126 in

463 1184 746 1284 redemptionem
755 1184 872 1260 anime
884 1185 1000 1260 nostre
1017 1199 1054 1260 et
1065 1185 1320 1260 antecefi'orum
1333 1185 1533 1259 nostrorum
1545 1199 1583 1260 et
1594 1184 1743 1285 predicti
1755 1185 1894 1260 comitis
1907 1185 1947 1262 G
1964 1229 1972 1245 ·

464 1334 501 1395 et
528 1320 759 1395 suooeffnrum
786 1361 797 1380 ·
829 1320 1038 1395 Tenendam
1060 1320 1227 1418 prodistis
1256 1319 1424 1394 fratribus
1451 1333 1489 1394 et
1515 1345 1641 1394 eorum
1666 1321 1912 1396 succesoribus
1937 1321 1974 1394 in

463 1454 614 1530 liberam
638 1467 674 1529 st
701 1467 911 1552 perpetuam
931 1451 1155 1528 elemosinam
1182 1451 1383 1529 Reddendo
1403 1452 1505 1528 nobis
1524 1467 1561 1528 et
1580 1454 1827 1529 succesoribus
1849 1455 1974 1530 nostris

466 1588 653 1663 annuatim
676 1614 783 1661 ruam
807 1611 961 1670 coucam
988 1587 1128 1688 argenti
1151 1585 1280 1662 scilicet
1300 1586 1484 1662 dimidiam
1500 1587 1547 1661 ad
1569 1587 1791 1663 Penticosten
1812 1603 1849 1664 et
1869 1589 1974 1664 dimi-

466 1721 563 1796 diam
590 1721 637 1795 ad
663 1720 791 1795 sellum
815 1719 921 1794 sandi
942 1719 1090 1803 martini
1124 1761 1133 1781 ·
1161 1716 1338 1794 Volumus
1363 1719 1483 1818 itaque
1505 1733 1542 1794 et
1561 1719 1777 1819 precipimus
1800 1737 1841 1796 ut
1865 1722 1974 1821 ijdem

465 1857 594 1931 fratres
613 1854 761 1953 prodisti
780 1868 818 1928 et
836 1879 962 1929 eorum
981 1853 1187 1929 succesores
1207 1852 1399 1950 predislam
1416 1867 1550 1928 terram
1566 1867 1712 1928 teneant
1728 1868 1767 1929 et
1783 1855 1975 1954 pollideant

442 1977 444 1981 ¹
468 1988 513 2062 de
530 1988 632 2063 nobis
648 2001 686 2062 et
702 1986 952 2061 successoribus
969 1984 1094 2061 nostris
1111 1985 1163 2059 ita
1177 1983 1287 2060 libere
1304 1998 1341 2060 et
1357 1986 1476 2085 quiete
1494 1985 1649 2084 plenarie
1664 2000 1703 2063 et
1717 1985 1912 2064 honorilice
1929 1990 1975 2064 ab

468 2121 567 2195 omni
593 2120 774 2195 erudiens
800 2134 839 2194 et
863 2117 1116 2194 consuetudine
1144 2133 1180 2192 et
1210 2117 1356 2192 seruicia
1382 2116 1527 2192 seculari
1553 2119 1601 2192 ad
1626 2144 1692 2195 nos
1716 2120 1974 2217 pertinentibus

468 2253 507 2325 in
523 2253 626 2328 bosco
642 2264 680 2326 ct
695 2250 802 2350 plano
818 2250 857 2323 in
874 2249 986 2347 pratis
1001 2263 1039 2323 et
1054 2248 1192 2347 pascuis
1209 2249 1248 2322 in
1263 2248 1365 2347 aquis
1381 2262 1419 2323 et
1435 2248 1644 2332 molendinis
1661 2265 1698 2326 et
1714 2239 1880 2327 omnibus
1897 2251 1974 2352 alijs

467 2384 690 2484 ayliamentis
710 2381 757 2456 ad
773 2381 924 2456 eandem
941 2394 1074 2455 terram
1089 2381 1353 2479 pertinentibus
1369 2382 1456 2456 ficut
1473 2381 1590 2482 aliqua
1606 2397 1704 2458 terra
1720 2383 1758 2457 in
1774 2385 1975 2484 episcopatu

466 2517 585 2592 nostro
605 2514 751 2590 liberius
773 2513 913 2612 plenius
932 2527 970 2588 et
993 2512 1284 2589 honorificentius
1302 2529 1446 2590 tenetur
1461 2531 1499 2590 st
1516 2516 1707 2613 possidetur
1723 2530 1760 2592 et
1776 2520 1864 2593 licut
1880 2535 1976 2594 carta

468 2649 494 2725 J
494 2647 644 2724 ohannis
654 2645 805 2745 episcopi
816 2644 1064 2743 predeoefl'oris
1076 2645 1183 2720 nostri
1196 2647 1343 2720 testatur
1356 2685 1366 2708 ·
1380 2645 1476 2722 salua
1485 2663 1605 2724 tamen
1617 2649 1774 2747 predida
1783 2650 1954 2747 peneione
1967 2690 1976 2709 ·

471 2782 555 2880 Hijs
577 2779 723 2858 testibus
749 2778 911 2854 Heni-ico
934 2777 1181 2853 archidiacono
1210 2781 1327 2854 nostro
1357 2821 1367 2840 ·
1399 2780 1547 2856 Ratulfo
1570 2781 1754 2857 Berncrdo
1781 2796 1818 2859 et
1840 2782 1980 2858 Thema

468 2912 657 3012 capellanis
676 2913 802 2988 nostris
828 2952 838 2972 ·
864 2911 1051 2986 Ludonieo
1068 2929 1105 2986 et
1122 2911 1284 2988 Johanne
1301 2912 1434 2989 clericis
1451 2914 1577 2990 nostris
1595 2955 1605 2974 ·
1632 2915 1750 2990 Bricio
1770 2917 1917 3014 persona
1932 2917 1977 2992 do

470 3045 577 3123 Crefe
605 3089 613 3105 ·
639 3043 802 3119 Roberto
824 3041 1005 3141 capellano
1032 3043 1077 3118 de
1102 3043 1311 3118 Tibirmora
1337 3087 1345 3104 ·
1373 3043 1537 3121 Gilberto
1565 3045 1638 3121 filio
1666 3046 1903 3122 archidiaconi
1932 3047 1976 3122 de

472 3177 711 3278 Stratheryn·
820 3189 823 3193 ’

474 3549 724 3652 Gonfirmaoio
742 3572 890 3648 Ricardi
906 3572 1060 3671 episcopi
1077 3572 1341 3648 Dunkeldcnfis
1357 3575 1461 3672 super
1481 3573 1623 3649 ecelesia
1638 3574 1683 3650 de
1700 3574 1922 3675 maddirnyn
1938 3591 1974 3650 et

470 3710 574 3787 Cano
590 3726 628 3786 et
646 3711 831 3785 Ooneueto
847 3707 893 3782 de
910 3705 1060 3782 Abthen
1079 3749 1087 3765 ·

404 4015 452 4082 30
474 3947 672 4052 Vniuerfis
689 3973 802 4047 lansle
818 3970 941 4055 contris
958 3969 1097 4046 ecclesie
1115 3969 1196 4069 filijs
1216 3971 1358 4069 presens
1378 3971 1548 4069 scriptum
1572 3971 1695 4045 visuris
1717 3970 1773 4045 vcl
1795 3972 1972 4047 audituris

470 4106 648 4180 Ricardus
676 4104 895 4203 permissione
923 4103 1046 4177 diuina
1072 4102 1337 4178 Dunkeldenfis
1363 4093 1546 4202 episcopus
1573 4119 1732 4178 eternam
1761 4104 1798 4177 in
1828 4105 1973 4181 domino

469 4239 614 4316 salutem
644 4277 654 4299 ·
689 4237 877 4314 Noueritis
909 4262 975 4310 nos
1003 4234 1223 4334 adplenum
1256 4236 1435 4333 inspexisse
1468 4237 1561 4310 bone
1595 4237 1764 4312 memorie
1798 4236 1971 4314 lobannis

469 4373 574 4473 primi
610 4370 755 4446 Ricardi
794 4368 968 4444 Johannis
1001 4368 1144 4445 secundi
1184 4369 1351 4468 Hugonis
1389 4367 1545 4444 Gilberti
1584 4383 1622 4444 et
1654 4368 1810 4446 Galfridi
1842 4375 1971 4470 prede-

469 4509 638 4584 cessorum
665 4506 864 4580 nostrorum
891 4503 1134 4602 episcoporum
1162 4501 1290 4577 scilicet
1318 4501 1627 4577 Dunkeldensium
1641 4501 1864 4580 'donationes
1886 4535 1972 4583 con-
