4450 6034
463 484 511 556 16
1033 479 1394 558 REGISTRUM

461 712 565 788 bosoo
584 725 621 787 et
640 710 748 812 pleno
769 712 808 786 in
827 713 931 788 terrie
952 728 990 788 et
1009 714 1111 812 equie
1131 713 1170 788 in
1190 712 1303 814 pretio
1322 726 1359 788 et
1379 711 1516 812 posonio
1532 711 1571 786 in
1587 712 1694 794 morie
1711 725 1748 788 et
1764 711 1915 796 meresiie
1932 712 1968 786 in

462 845 607 947 potoriis
630 861 667 921 et
686 845 830 921 vinonio
849 846 889 922 in
907 847 1040 948 singuiis
1056 861 1094 922 et
1110 845 1324 922 molendinis
1339 859 1377 922 et
1394 844 1560 922 omnibus
1576 842 1654 920 oliie
1665 843 1770 944 justis
1787 844 1969 946 pertinen-

461 981 521 1056 tiis
544 980 613 1056 suie
638 992 677 1056 et
700 1007 784 1056 oum
810 982 977 1057 omnibus
1001 981 1080 1056 oliie
1103 980 1304 1056 asumentie
1328 980 1376 1054 ed
1400 979 1580 1081 prediotee
1605 992 1718 1057 temes
1738 979 1833 1080 justo
1858 978 1970 1078 perti-

460 1114 629 1189 nentibus
647 1113 758 1190 libere
783 1130 820 1190 et
838 1115 958 1214 quiete
977 1113 1137 1216 plenarie
1158 1127 1195 1191 et
1214 1112 1408 1189 honorifioe
1428 1112 1473 1188 eb
1494 1112 1592 1187 omni
1611 1110 1743 1188 auxilio
1763 1125 1801 1188 et
1825 1110 1969 1187 seruitio

460 1261 497 1322 et
520 1246 773 1322 consuetudine
806 1261 843 1322 et
865 1245 1011 1322 seculari
1040 1245 1221 1322 emisione
1259 1287 1267 1306 ·
1304 1243 1429 1333 Quare
1454 1242 1535 1318 volo
1564 1257 1604 1319 vt
1633 1243 1784 1346 prodisti
1808 1242 1970 1320 eunonioi

460 1377 635 1478 proditio
659 1393 772 1453 terme
797 1405 863 1479 per
884 1380 996 1454 resim
1019 1377 1150 1452 diuisae
1172 1377 1250 1452 sues
1273 1391 1311 1452 et
1333 1401 1416 1451 oum
1432 1375 1598 1452 omnibus
1617 1374 1723 1475 justis
1739 1374 1969 1476 pertinenciis

405 1556 413 1568 ·
458 1511 528 1584 suis
554 1510 606 1584 ite
632 1509 744 1586 libere
767 1525 805 1585 et
828 1510 951 1608 quiete
978 1509 1137 1612 plenarie
1163 1523 1201 1585 et
1227 1507 1421 1585 honorifioe
1448 1507 1488 1582 in
1513 1505 1660 1587 liberem
1687 1521 1725 1586 et
1749 1505 1907 1607 quietem
1932 1521 1969 1582 et

458 1667 588 1741 puram
598 1657 637 1717 ot
648 1655 861 1742 perpetuum
877 1639 1092 1716 elimosinam
1108 1640 1265 1716 habeant
1281 1653 1318 1715 et
1334 1639 1530 1740 possideant
1545 1641 1634 1714 siout
1649 1637 1768 1738 ulique
1783 1637 1968 1716 elemosina

458 1773 497 1848 in
516 1798 627 1872 regno
649 1771 772 1849 Sootie
794 1771 841 1846 de
865 1770 985 1870 aliquo
1004 1770 1135 1848 eomite
1154 1771 1299 1850 liberine
1322 1786 1359 1847 et
1376 1770 1530 1871 quietius
1547 1770 1727 1872 plenarius
1743 1784 1781 1846 et
1796 1769 1968 1850 honorifi-

458 1907 596 1982 oentiuo
613 1920 757 1982 tenetur
773 1917 810 1980 et
826 1903 1018 2006 possidetur
1038 1943 1049 1966 ·
1076 1904 1161 1982 Hiie
1178 1905 1324 1982 testibus
1339 1904 1365 1980 J
1366 1904 1498 1986 ontthe
1513 1903 1690 2006 Episcopo
1706 1903 1940 1982 dunblnnensi
1956 1946 1966 1966 ·

458 2042 504 2123 α)
521 2081 530 2102 ·
549 2038 721 2115 comitissa
735 2039 781 2114 de
799 2037 1016 2139 Strotheryn
1033 2079 1043 2097 ·
1061 2037 1199 2122 molisio
1219 2039 1328 2115 frume
1351 2039 1491 2116 oomitie
1513 2081 1522 2100 ·
1548 2038 1692 2116 fferteth
1707 2037 1781 2116 silio
1799 2039 1965 2116 eomitis-

459 2172 614 2253 matilda
628 2172 702 2250 silio
717 2172 858 2248 eomitie
882 2210 893 2234 ·
919 2171 1088 2250 Johenue
1103 2171 1369 2253 Anthidiooono
1391 2213 1401 2233 ·
1421 2171 1582 2250 Abreem
1599 2171 1783 2274 otpolleno
1799 2173 1938 2250 eomitie
1955 2213 1965 2236 ·

459 2305 710 2406 Gilyhenonof
730 2305 892 2406 dapifero
917 2305 1057 2383 comitio
1081 2349 1090 2366 ·
1116 2305 1246 2390 molisio
1271 2305 1344 2382 filio
1369 2307 1430 2382 suo
1455 2349 1464 2366 ·
1489 2306 1654 2388 Gilborto
1678 2307 1770 2384 socio
1799 2309 1964 2386 eomitis-

458 2439 692 2515 Constantino
709 2436 840 2513 Judioe
858 2477 867 2495 ·
887 2437 1105 2539 Gillibreth·
1123 2437 1265 2516 Aneool
1280 2439 1326 2516 de
1345 2439 1507 2541 Dunyn·
1526 2439 1708 2516 Duuoeno
1725 2438 1799 2520 silio
1815 2440 1963 2525 maliti·

459 2809 582 2910 Certe
598 2875 608 2896 ·
626 2861 676 2908 xx
693 2875 703 2894 ·
721 2859 922 2908 marearum
940 2832 986 2908 de
1003 2833 1176 2935 dunnyne
1195 2877 1204 2894 ·

390 3110 436 3181 ιι
457 3074 650 3177 Omnibus
672 3098 740 3172 hoc
763 3096 932 3197 seriptum
947 3097 1071 3173 visuro
1086 3097 1143 3174 vu
1163 3097 1337 3175 audituris
1354 3097 1522 3181 moion
1545 3126 1664 3178 tomo
1687 3101 1732 3178 de
1751 3102 1962 3208 stratio„

453 3231 602 3308 sulutem
612 3233 650 3306 in
662 3231 823 3308 Domino
836 3230 1086 3331 sempiternum
1101 3231 1143 3306 N
1143 3231 1289 3308 oueritie
1306 3258 1372 3308 noe
1389 3232 1521 3310 dedisse
1537 3237 1732 3314 conoesiisse
1749 3253 1786 3319 et
1801 3239 1871 3318 heo
1886 3269 1964 3344 pre-

451 3363 541 3439 senti
557 3378 655 3440 certe
671 3364 789 3438 nostro
809 3363 1028 3438 oonsirmesse
1044 3363 1128 3439 Deo
1148 3377 1185 3438 et
1205 3363 1414 3446 coonusierio
1430 3364 1538 3440 santii
1553 3365 1578 3442 J
1579 3365 1731 3444 ohannis
1748 3369 1912 3473 Apostoli
1927 3389 1963 3452 ot

452 3495 680 3598 Euangeliste
704 3496 751 3571 de
778 3493 897 3573 Insula
923 3496 1112 3580 missarum
1133 3509 1170 3570 et
1196 3495 1376 3572 oenoniois
1400 3496 1535 3572 ibidem
1558 3499 1642 3580 Deo
1666 3502 1902 3586 sentientibus
1926 3524 1963 3586 et

450 3631 489 3704 in
515 3644 728 3730 perpetuum
752 3626 931 3706 seruitutis
959 3627 998 3704 in
1026 3626 1174 3704 libemm
1203 3655 1329 3730 putem
1359 3643 1396 3706 et
1421 3645 1632 3732 perpetuom
1654 3633 1871 3720 elimosinam
1896 3665 1962 3743 pro

451 3760 685 3862 resignatione
700 3773 738 3838 et
753 3759 854 3859 quito
869 3757 1080 3836 olemetioue
1093 3785 1182 3860 quoe
1194 3760 1258 3860 ipsi
1272 3759 1427 3862 eeligiosi
1444 3763 1546 3840 nobie
1569 3779 1605 3846 et
1627 3765 1819 3848 heredibus
1836 3773 1962 3852 nosirie

449 3897 716 3996 imperpetuum
737 3893 899 3969 feeerunt
917 3918 983 3993 pro
1004 3892 1039 3966 se
1061 3906 1099 3968 et
1120 3891 1371 3970 suecessoribus
1392 3893 1462 3974 suit
1487 3894 1533 3972 de
1553 3896 1637 3996 juro
1662 3899 1761 3998 quod
1785 3901 1836 3979 eie
1862 3929 1963 3984 eom.

449 4028 596 4130 petebat
614 4025 672 4102 vel
693 4036 896 4126 oompotere
918 4023 1050 4125 poterit
1072 4022 1111 4099 in
1133 4022 1295 4101 futurum
1317 4024 1356 4100 in
1378 4040 1611 4127 augmentum
1636 4043 1673 4111 et
1698 4031 1958 4114 incrementum

448 4158 682 4238 seeundorum
707 4155 927 4232 deeimarum
952 4154 1152 4231 nostrerum
1177 4155 1223 4230 ab
1250 4181 1345 4238 enno
1371 4157 1508 4242 domini
1533 4159 1715 4240 millesimo
1740 4173 1819 4243 co¹²¹⁰
1840 4168 1958 4268 quad..

448 4292 617 4394 ngefimo
633 4287 781 4390 septimo
797 4286 836 4362 in
852 4285 1017 4388 posterim
1033 4284 1162 4387 viginti
1179 4313 1315 4367 mareas
1331 4313 1468 4370 annues
1485 4290 1530 4372 de
1546 4290 1713 4393 thenegio
1730 4294 1776 4373 de
1792 4295 1957 4400 Dunyne

447 4442 484 4502 et
501 4423 688 4504 Petioorne
704 4446 769 4522 per
784 4445 912 4497 manue
934 4416 1074 4494 illorum
1094 4418 1157 4518 qui
1179 4443 1245 4520 pro
1265 4432 1426 4521 tompore
1446 4421 1555 4506 dieto
1578 4436 1688 4508 torres
1708 4427 1891 4508 tenuerint
1911 4430 1957 4510 ed

446 4577 518 4642 tres
535 4553 621 4635 enni
637 4551 807 4634 terminos
823 4551 861 4625 in
878 4562 1094 4651 perpetuum
1113 4548 1360 4651 percipiendae
1377 4551 1540 4634 videlieet
1552 4553 1599 4637 ad
1614 4555 1740 4640 sosium
1753 4559 1956 4660 peotioostie
