4450 6034
478 595 525 665 10
1051 581 1411 662 REGISTRUM

480 820 690 898 animalibus
712 861 722 880 ·
748 833 786 894 et
806 819 980 894 decimam
999 819 1111 894 totius
1130 819 1328 896 venationis
1354 817 1470 894 nostre
1495 831 1532 892 et
1552 816 1714 891 omnium
1735 841 1806 915 qne
1831 815 1933 890 nobis
1952 816 1988 890 in

481 953 681 1029 volucribus
698 965 760 1028 aut
776 953 920 1051 piffibue
936 950 1181 1050 alicujusmodi
1197 951 1277 1027 cibo
1290 949 1346 1026 vel
1362 962 1451 1049 potu
1466 945 1699 1048 prouenerint
1713 987 1723 1008 ·
1736 949 1867 1024 vitium
1885 947 1989 1024 etiam

483 1087 649 1163 seruienti
663 1087 724 1160 suo
740 1111 987 1185 quemcunque
1006 1084 1070 1186 ipfi
1091 1083 1273 1183 posuerint
1295 1084 1335 1158 in
1358 1082 1475 1158 curias
1497 1084 1632 1158 nostras
1655 1082 1702 1156 ad
1722 1082 1940 1182 exigendum
1955 1095 1990 1156 et

482 1217 751 1320 percipiendum
767 1231 925 1318 exparte
941 1242 1065 1291 eorum
1077 1216 1252 1318 predidlas
1269 1215 1425 1290 decimas
1438 1213 1572 1290 nostras
1583 1211 1740 1316 plenarie
1750 1229 1786 1288 et
1799 1213 1989 1288 honorifice

483 1353 571 1424 ficut
587 1349 650 1423 uni
661 1347 892 1424 servienoium
908 1349 1105 1423 nostrorum
1125 1387 1135 1408 ·
1156 1346 1337 1423 licentiam
1354 1373 1496 1447 quoque
1513 1359 1550 1421 et
1566 1346 1766 1422 libertatem
1782 1345 1939 1447 piscandi
1955 1359 1990 1421 ct

484 1481 686 1582 aucupandi
700 1506 768 1581 per
783 1507 906 1556 omnes
921 1495 1033 1556 terras
1050 1491 1088 1554 et
1104 1505 1215 1579 aquas
1231 1493 1269 1554 et
1284 1481 1383 1554 lacus
1400 1479 1535 1554 nosiros
1552 1479 1611 1553 vbi
1632 1478 1775 1579 quando
1791 1478 1987 1554 voluerint·

484 1629 522 1688 et
545 1614 730 1689 materiem
753 1613 800 1688 ad
822 1613 961 1688 edificia
982 1613 1043 1687 sua
1067 1626 1104 1688 et
1128 1611 1175 1686 ad
1195 1638 1319 1686 omnes
1342 1610 1429 1687 alios
1451 1611 1532 1686 rsus
1553 1611 1632 1686 suos
1655 1626 1692 1688 et
1714 1611 1932 1713 pafl’nagium
1954 1623 1989 1686 et

484 1746 631 1822 cortices
647 1762 685 1822 et
700 1746 798 1848 ligna
813 1745 860 1821 ad
879 1747 1019 1847 pallum
1035 1745 1128 1846 ignis
1149 1745 1186 1818 in
1209 1743 1303 1820 siluis
1327 1745 1453 1822 nostris
1475 1745 1536 1820 rbi
1557 1745 1736 1821 voluerint
1759 1760 1798 1822 et
1818 1759 1988 1846 quantum

481 1881 544 1956 sibi
567 1881 672 1957 inerit
696 1881 742 1956 de
766 1881 836 1955 hiis
860 1879 1004 1981 lingulis
1026 1878 1256 1955 necessarium
1285 1921 1293 1940 ·
1327 1879 1410 1954 Hoc
1436 1879 1545 1980 igitur
1572 1880 1691 1954 omnia
1712 1879 1793 1955 volo
1816 1895 1988 1980 quatenus

482 2014 630 2116 predisti
651 2013 814 2090 canonici
835 2027 982 2089 teneant
1001 2025 1039 2088 et
1060 2011 1256 2113 possideant
1276 2011 1322 2088 de
1343 2039 1402 2088 me
1423 2026 1461 2088 et
1482 2011 1674 2088 heredibus
1694 2013 1783 2090 meis
1805 2014 1843 2088 in
1866 2041 1989 2116 puram

482 2161 520 2222 et
541 2162 751 2249 perpetuam
775 2146 990 2222 elimosinam
1015 2145 1066 2221 ita
1094 2144 1205 2220 libere
1231 2158 1268 2220 et
1295 2146 1414 2246 quiete
1440 2144 1600 2246 plenarie
1623 2161 1660 2221 et
1686 2147 1881 2224 honorifice
1905 2151 1990 2224 ficut

481 2279 600 2380 aliqua
615 2279 793 2355 elimosina
807 2281 849 2354 in
873 2291 950 2354 toto
965 2304 1077 2379 regno
1091 2276 1236 2354 liberius
1258 2278 1414 2378 quietius
1434 2278 1616 2381 plenarius
1641 2294 1677 2356 et
1699 2281 1989 2358 honorificentius

483 2427 626 2488 tenetur
641 2427 677 2488 et
692 2411 912 2512 poffidetur·
938 2410 1107 2486 Preterea
1123 2412 1271 2486 conceffi
1294 2411 1426 2486 eisdem
1441 2411 1621 2487 canonicis
1645 2426 1682 2488 et
1700 2413 1768 2488 hac
1787 2429 1885 2489 carta
1909 2441 1989 2491 mee

482 2542 727 2619 confirmando
744 2540 954 2617 confirmani
969 2554 1145 2641 quatenus
1163 2568 1229 2617 nec
1246 2568 1313 2642 ego
1335 2568 1402 2618 nec
1418 2541 1544 2642 aliquis
1566 2543 1740 2620 heredum
1762 2573 1925 2622 meorum
1946 2548 1990 2621 de

481 2691 601 2752 cetero
617 2673 838 2751 conferemus
854 2672 1096 2774 aliquomodo
1110 2673 1169 2749 vel
1184 2676 1386 2750 adfirmem
1402 2677 1664 2752 committemus
1689 2693 1820 2754 terram
1835 2679 1988 2781 aliquam

483 2809 540 2886 tel
555 2810 796 2909 possessionem
812 2808 916 2884 alicui
932 2808 995 2882 nili
1011 2807 1114 2882 saluis
1135 2808 1186 2882 eis
1205 2809 1251 2883 de
1268 2808 1394 2884 eadem
1417 2822 1515 2885 terra
1530 2810 1587 2886 vel
1608 2813 1810 2911 poffeffione
1827 2816 1991 2890 omnibns

482 2942 752 3019 militudinibus
769 2969 839 3043 que
855 2943 907 3018 eis
922 2942 1010 3018 dum
1027 2944 1144 3018 nostro
1160 2957 1262 3018 erant
1284 2943 1443 3020 dominio
1455 2945 1584 3020 exinde
1601 2945 1822 3025 debebantur
1833 2949 1890 3024 vel
1907 2951 1992 3025 dum

484 3101 549 3149 nos
566 3074 695 3149 exinde
714 3075 847 3175 aliquid
867 3076 1097 3176 contingebat
1122 3118 1130 3134 ·
1158 3075 1283 3164 Quare
1302 3079 1327 3152 fi
1350 3078 1430 3177 quis
1453 3077 1608 3179 aliquam
1628 3095 1752 3156 contra
1775 3109 1835 3158 eos
1858 3100 1993 3160 cartam

485 3207 731 3283 monstrauerit
757 3235 804 3283 ue
832 3209 894 3308 jus
926 3208 1028 3282 strom
1056 3207 1245 3282 vendicare
1270 3207 1328 3283 vel
1357 3210 1498 3310 exigere
1528 3213 1682 3288 debeant
1712 3241 1792 3289 eam
1820 3231 1994 3314 quantum

484 3340 620 3416 adhoc
644 3341 809 3416 testificor
833 3342 901 3416 esse
925 3340 1124 3416 caffandam
1150 3381 1159 3400 ·
1188 3342 1283 3415 facta
1307 3341 1357 3415 est
1385 3342 1530 3418 donatio
1557 3369 1652 3420 enno
1678 3347 1792 3446 gratie
1817 3348 1995 3432 millesimo

487 3485 564 3551 oc'¹⁰
588 3475 670 3549 Hiis
691 3475 836 3550 testibus
852 3474 1019 3549 Jobanne
1035 3473 1210 3574 Episcopo
1227 3473 1473 3550 Dunlreldenfi
1495 3517 1504 3536 ·
1526 3477 1683 3554 Jonatba
1701 3479 1876 3582 Episcopo
1892 3483 1995 3558 Dun-

486 3611 641 3685 blanenli
658 3649 668 3666 ·
687 3607 888 3682 Rninboldo
908 3606 1052 3682 Abbste
1062 3607 1108 3682 de
1123 3605 1268 3681 Scona·
1288 3608 1457 3683 comitifl'a
1469 3609 1623 3693 matilda
1640 3611 1685 3686 de
1699 3612 1872 3716 Aubigny
1890 3643 1996 3693 vxore

488 3769 569 3816 mea
597 3782 605 3801 ·
636 3739 774 3825 molisio
798 3739 907 3812 fratre
931 3763 1011 3813 meo
1038 3779 1047 3797 ·
1078 3736 1258 3813 Willelmo
1276 3751 1312 3813 et
1329 3738 1479 3815 Ferteth
1496 3741 1577 3816 siliis
1604 3743 1693 3818 meis
1720 3785 1728 3801 ·
1757 3746 1902 3823 domino
1920 3749 1995 3822 W·

488 3872 657 3947 canonico
674 3869 720 3945 de
734 3869 874 3944 Soona·
890 3867 1050 3944 Gillenes
1067 3867 1264 3944 Senescallo
1280 3897 1360 3945 mee
1380 3909 1388 3930 ·
1408 3871 1641 3949 Constantino
1658 3873 1787 3952 Judice
1807 3921 1815 3938 ·
1835 3878 1997 3954 Anechol

489 4006 611 4080 chaino
628 4029 708 4078 meo
725 4002 772 4077 de
787 4001 933 4101 Dunpn
951 4044 959 4061 ·
977 4014 1014 4076 et
1030 3999 1153 4076 multis
1170 4000 1247 4076 aliis
1266 4045 1273 4061 ·
