4450 6034
475 573 523 644 54
1053 563 1408 642 REGISTRUM

478 812 517 875 et
532 798 602 874 suia
618 798 863 875 succcfl'oribuu
880 797 928 873 ad
940 796 1083 873 calicem
1097 811 1135 874 ct
1145 812 1354 873 ornamenta
1363 796 1495 872 ibidem
1509 795 1766 871 inuenieudum
1783 823 1848 898 per
1858 823 1985 898 preno-

479 935 652 1008 minatam
677 947 812 1008 cartam
837 933 1033 1008 donauerat
1055 947 1092 1006 et
1115 932 1327 1008 concesserat
1349 929 1432 1006 Deo
1458 943 1494 1005 ct
1517 929 1658 1006 ecclesie
1680 929 1925 1006 Duublanensi
1941 933 1985 1007 de

480 1067 704 1142 ordinatione
720 1067 878 1166 ejusdem
894 1064 966 1141 loci
981 1065 1134 1167 episcopi
1151 1066 1271 1167 possea
1286 1078 1425 1140 mutata
1434 1062 1616 1140 voluntate
1633 1065 1817 1164 assignauit
1828 1092 1895 1166 ego
1905 1091 1985 1140 vcro

480 1197 605 1274 uolens
629 1224 695 1300 pro
721 1198 859 1272 defectu
881 1197 1055 1273 diuorum
1080 1211 1372 1272 ornamentorum
1395 1197 1518 1271 diuina
1540 1197 1655 1271 officia
1678 1197 1718 1270 in
1741 1196 1833 1271 dictu
1856 1195 1986 1271 elemo-

481 1329 606 1404 sinari0
631 1330 761 1405 cessare
785 1355 830 1404 ex
855 1355 937 1406 mea
960 1355 1061 1404 mera
1084 1329 1268 1404 voluntate
1294 1328 1341 1403 do
1367 1342 1404 1402 et
1428 1329 1582 1430 presenti
1607 1343 1704 1404 carta
1728 1329 1900 1404 confirmo
1923 1355 1987 1431 pro

481 1463 591 1539 salute
607 1464 725 1540 anime
741 1489 821 1540 mcc
838 1476 873 1540 et
889 1464 1142 1538 antecessorum
1159 1455 1322 1538 meorum
1340 1476 1376 1538 et
1393 1461 1476 1536 diui
1494 1459 1630 1534 domini
1655 1503 1663 1518 ·
1690 1463 1733 1544 (t)
1760 1499 1770 1520 ·
1797 1461 1936 1535 comitis
1952 1475 1986 1536 et

483 1599 624 1672 snorum
641 1595 896 1671 antecefforum
912 1595 1087 1696 sepedicto
1111 1593 1292 1696 capellano
1309 1609 1346 1669 et
1362 1593 1432 1667 suia
1451 1593 1698 1667 successoribus
1719 1591 1758 1664 in
1775 1609 1985 1694 perpetuum

482 1754 591 1802 rnam
607 1753 763 1802 marcam
780 1726 920 1826 argenti
936 1727 984 1802 ad
1002 1727 1091 1802 duos
1109 1727 1197 1802 anni
1219 1727 1390 1802 terminos
1407 1725 1536 1802 scilicet
1556 1727 1784 1802 medietatem
1801 1723 1846 1800 ad
1870 1725 1987 1826 penti-

483 1861 602 1936 costen
619 1873 656 1934 et
672 1858 780 1933 aliam
795 1859 1025 1934 medietatem
1041 1858 1088 1933 ad
1103 1860 1232 1935 festum
1248 1860 1356 1934 sanai
1373 1860 1526 1942 stlartini
1543 1859 1582 1932 iu
1598 1883 1703 1961 yeme
1720 1858 1987 1960 percipiendam

482 1992 627 2094 siugulis
644 1993 747 2068 aunis
766 1993 813 2068 de
834 2005 929 2068 terra
944 2019 1052 2093 quam
1069 1991 1116 2068 au
1131 1994 1377 2068 feodosirmam
1395 2006 1501 2068 teneo
1518 2019 1584 2094 per
1601 2007 1736 2067 cartam
1752 1993 1793 2066 in
1809 1992 1987 2068 territorio

483 2126 530 2200 de
547 2124 724 2227 Petlandy
742 2151 808 2225 per
826 2125 991 2200 abbatem
1012 2139 1050 2199 et
1072 2140 1290 2200 conuentum
1308 2125 1353 2200 de
1375 2123 1493 2200 Insula
1509 2125 1695 2207 missarum
1714 2125 1842 2225 quibua
1860 2124 1987 2200 dietam

484 2273 615 2334 terram
624 2285 690 2361 per
701 2272 836 2333 cartam
852 2284 969 2332 meam
982 2258 1148 2360 assiguaui
1162 2299 1172 2320 ·
1190 2256 1283 2334 Volo
1294 2259 1403 2334 etiam
1414 2273 1451 2334 et
1461 2257 1618 2333 concedo
1635 2257 1732 2358 quod
1749 2257 1881 2332 sidicla
1897 2271 1990 2333 tcrru

484 2419 508 2466 a
523 2392 692 2493 predictis
708 2391 836 2467 abbate
857 2406 894 2468 et
918 2407 1099 2466 conuentu
1116 2391 1233 2491 aliquo
1254 2393 1334 2466 casu
1351 2393 1410 2468 seu
1428 2395 1607 2468 occasione
1629 2418 1694 2492 per
1711 2391 1864 2492 aliquem
1882 2392 1988 2468 fuerit

485 2526 598 2601 euicta
614 2525 710 2626 quod
734 2525 884 2600 heredes
903 2523 975 2600 mei
996 2525 1055 2598 seu
1079 2525 1238 2623 assignati
1263 2525 1310 2599 ad
1333 2551 1422 2624 quos
1443 2549 1655 2624 quocunqne
1672 2523 1775 2600 titulo
1798 2538 1891 2601 torre
1910 2551 1988 2600 mec

485 2660 687 2734 transierint
700 2659 835 2760 deipsis
852 2659 956 2734 terris
969 2659 1127 2759 predislo
1139 2655 1320 2758 capellano
1331 2669 1368 2734 et
1381 2657 1451 2732 suis
1467 2657 1715 2734 successoribus
1725 2657 1869 2760 singulis
1886 2659 1988 2732 anuis

486 2792 647 2868 terminis
667 2792 870 2892 supradictis
890 2792 1020 2866 dictam
1043 2817 1200 2866 marcam
1228 2791 1366 2892 argenti
1388 2805 1496 2893 prout
1520 2792 1653 2866 uiuum
1676 2793 1726 2866 css
1747 2794 1819 2867 fine
1847 2806 1988 2867 contra-

486 2926 638 3001 dictione
655 2924 773 3026 aliqua
795 2923 996 3026 persoluant
1012 2938 1049 3000 et
1066 2925 1112 2999 ad
1129 2924 1196 2999 hcc
1213 2924 1439 3000 ecclesiastica
1456 2924 1669 3000 districtione
1685 2927 1710 2998 fi
1727 2926 1860 3000 neccsse
1882 2925 1988 3000 sirarit

486 3060 747 3161 compellantur
775 3061 825 3134 ita
851 3058 1015 3135 videlicet
1041 3059 1138 3159 quod
1167 3073 1283 3134 cetere
1310 3074 1403 3133 terre
1433 3058 1479 3132 ad
1507 3083 1767 3157 quemcumque
1790 3060 1988 3134 transierint

486 3221 551 3296 pro
568 3193 781 3295 prestatione
798 3193 891 3268 diste
907 3219 1027 3268 marce
1042 3206 1251 3268 remaneant
1268 3192 1305 3265 iu
1322 3205 1537 3292 perpetuum
1554 3191 1710 3293 obligate
1728 3232 1737 3253 ·
1758 3192 1803 3266 In
1819 3196 1923 3294 cujus
1939 3193 1989 3269 rei

487 3328 724 3404 testimonium
749 3327 817 3400 hiis
833 3326 946 3401 literis
970 3326 1191 3428 presentibus
1216 3323 1365 3426 sigillum
1387 3351 1509 3400 mcum
1526 3325 1670 3426 apposui
1698 3385 1707 3401 .
1735 3325 1821 3427 Hijs
1844 3327 1987 3401 testibus

485 3461 632 3538 domino
649 3460 810 3536 Roberto
820 3458 877 3533 dei
891 3458 1009 3559 gratia
1024 3456 1188 3558 episcopo
1198 3455 1447 3530 Dunblanensi
1465 3499 1474 3516 ·
1498 3455 1691 3530 dominoA
1707 3497 1717 3517 ·
1735 3457 1858 3532 eadem
1876 3459 1988 3559 gratia

486 3597 615 3670 abbate
640 3595 686 3669 dc
711 3592 829 3668 Insula
851 3593 1038 3675 missarum
1060 3604 1097 3666 et
1112 3591 1269 3689 ejusdem
1292 3589 1362 3663 loci
1379 3604 1560 3665 conuentu
1582 3631 1591 3651 ·
1613 3590 1776 3692 ‹uagislro
1799 3591 1985 3669 Ricardo·

484 3728 647 3828 magistro
673 3724 840 3802 Gilberto
867 3725 1099 3825 -uugistroJ
1126 3724 1171 3799 de
1195 3724 1302 3825 Logy
1330 3723 1468 3799 ecclesie
1492 3723 1756 3800 Dunblanenfis
1782 3728 1985 3802 canonicis·

486 3860 631 3936 domino
658 3859 712 3935 ‚J
731 3899 740 3918 ·
766 3859 926 3934 decano·
954 3857 989 3932 T
1007 3897 1018 3917 ·
1036 3858 1081 3932 de
1098 3855 1218 3959 Gorty
1236 3872 1272 3933 et
1289 3856 1410 3932 multis
1427 3856 1504 3959 alije
1526 3898 1535 3919 ·
1562 3857 1702 3934 Datum
1720 3860 1816 3960 apud
1834 3861 1986 3937 Insulam

486 3992 670 4076 missarum
702 4016 797 4065 auno
829 3989 941 4089 gratie
963 3987 1143 4064 millefimo
1169 3996 1245 4064 cc¹¹²⁰
1275 3988 1526 4090 septuagesimo
1546 3992 1663 4090 primo
1689 3991 1746 4068 die
1771 3992 1877 4068 sancti
1904 3993 1986 4071 Cle·

484 4123 613 4202 mentia
628 4149 721 4224 pape
738 4137 775 4198 et
790 4120 943 4196 martiris
963 4165 972 4181 ·
