4450 6034
828 544 893 609 DE
921 543 973 608 IN
980 544 1255 610 GHAFFERY.
1737 539 1802 603 123

288 743 373 809 terris
396 743 436 809 de
459 744 555 810 Ward
576 743 704 809 Todhill
725 753 758 811 at
784 746 858 834 Hay
879 768 976 832 grane
999 768 1072 811 cum
1094 746 1225 812 decimis
1250 743 1431 830 garbalibus
1453 741 1625 807 earundem
1647 740 1738 805 terris
1759 741 1800 805 de

287 860 498 949 Wynmynhill
508 884 582 929 unm
596 862 727 929 decimis
734 862 918 949 garbalibus
928 866 1100 931 earundem
1111 887 1174 930 vna
1185 886 1259 931 uum
1272 864 1316 929 lie
1327 882 1426 947 grana
1436 862 1514 948 rysk
1525 857 1707 945 jacentibus
1717 858 1801 923 infra

286 981 446 1069 Warddylr
460 992 493 1047 st
506 982 662 1050 Walcrost
675 1005 739 1049 vna
752 1006 825 1051 eum
839 996 932 1071 prato
946 995 1059 1051 vocato
1073 984 1211 1071 priouris
1226 984 1348 1048 madow
1359 980 1472 1067 viginti
1486 978 1629 1045 solidatis
1643 988 1799 1044 terrarum

284 1100 322 1165 ds
341 1100 529 1187 Thomyhill
549 1100 628 1168 alias
647 1102 789 1168 Wallaca
806 1103 881 1169 land
899 1124 972 1169 cum
989 1104 1119 1169 deuimis
1140 1102 1325 1189 garbalibus
1343 1100 1518 1167 earundem
1539 1106 1633 1184 pratu
1654 1106 1688 1161 et
1709 1117 1800 1161 mora

283 1220 425 1287 aiusdam
450 1242 512 1309 qua
537 1241 627 1287 mora
651 1221 809 1287 bondatur
832 1231 869 1287 ut
891 1221 1036 1309 sequitur
1057 1221 1206 1288 videlicet
1226 1220 1270 1287 lie
1292 1220 1406 1305 Oalsey
1429 1240 1492 1306 que
1513 1215 1604 1283 ducit
1624 1215 1665 1280 ad
1687 1214 1798 1281 silvam

139 1412 156 1435 ,
282 1340 321 1407 de
336 1339 559 1407 Inehschuviut
573 1362 615 1407 ex
628 1340 775 1409 orientali
794 1350 922 1427 pratum
942 1350 1135 1428 aucupatum
1154 1363 1213 1428 per
1231 1339 1424 1405 Edwardum
1441 1338 1582 1404 Grubam
1595 1356 1638 1403 ex
1651 1335 1799 1403 occidan-

284 1458 340 1524 tali
353 1458 440 1525 dicta
453 1458 542 1546 sylva
554 1459 597 1525 da
616 1459 841 1528 Inuhschsviot
862 1481 904 1525 ax
920 1459 1040 1527 boreali
1054 1460 1096 1527 lia
1115 1460 1243 1526 Eldaris
1262 1459 1337 1525 land
1356 1466 1390 1524 at
1406 1456 1597 1543 Thornyhill
1610 1477 1652 1523 aa
1667 1455 1800 1522 australi

284 1578 428 1667 partibus
450 1600 488 1645 aa
510 1578 607 1645 utiam
628 1600 725 1666 snper
746 1578 936 1667 quibusdam
958 1580 1105 1646 domibus
1126 1589 1161 1645 at
1179 1578 1281 1645 bortis
1302 1587 1336 1643 et
1356 1577 1400 1642 lie
1420 1575 1482 1662 ged
1506 1575 1631 1641 stanlris
1649 1585 1684 1640 et
1703 1595 1801 1660 super

283 1698 548 1784 vigintiquatuor
563 1696 705 1765 solidatis
724 1709 881 1767 terrarum
900 1700 940 1765 de
958 1697 1122 1765 Bumheid
1140 1709 1175 1765 et
1194 1698 1352 1765 Burnfute
1372 1717 1446 1762 aum
1466 1694 1598 1761 decimis
1616 1693 1800 1779 garbalibns

283 1818 454 1883 uamndem
468 1838 593 1883 necnon
610 1839 707 1905 super
728 1819 818 1904 sylva
833 1818 873 1883 de
894 1817 1134 1884 lnchecheviott
1152 1828 1187 1885 et
1208 1818 1297 1905 petia
1315 1827 1399 1883 terre
1413 1823 1527 1881 vocata
1542 1816 1594 1880 tta
1610 1814 1710 1879 Bluir
1727 1833 1800 1878 unm

284 1937 412 2005 decimis
440 1936 624 2025 garbalibus
652 1936 795 2003 eltrudem
821 1937 998 2003 Reddenda
1031 1938 1105 2003 inde
1140 1936 1304 2003 annuatim
1337 1956 1493 2001 summam
1521 1931 1636 2019 viginti
1664 1930 1799 1996 duarum

283 2058 433 2125 librarum
462 2067 496 2123 at
521 2078 580 2123 sex
604 2054 778 2123 solidorum
807 2077 845 2123 ac
874 2056 1065 2143 duplicando
1081 2028 1210 2123 'dictam
1240 2055 1452 2121 faudifirmam
1481 2052 1615 2119 introitu
1644 2048 1800 2136 cuiusque

283 2177 415 2245 heredis
460 2178 546 2243 Data
570 2178 630 2242 sub
652 2175 812 2242 communi
834 2174 939 2261 sigillo
964 2186 1062 2263 atque
1088 2175 1374 2262 subscriptionibus
1398 2170 1600 2239 manualibus
1625 2178 1802 2236 conventus

285 2297 367 2385 spud
381 2294 608 2363 monasterium
622 2294 662 2359 de
678 2292 856 2381 Inchuffray
871 2296 912 2361 11
929 2292 1048 2381 Aprilis
1063 2296 1146 2361 AJ).
1162 2298 1258 2361 1559.

233 2651 270 2713 11
285 2656 533 2723 lustramentum
548 2650 652 2717 sasiue
664 2650 698 2715 in
712 2648 833 2716 eisdem
848 2650 957 2715 datum
974 2651 1015 2720 17
1031 2651 1053 2716 J
1056 2650 1113 2736 ulij'
1131 2653 1226 2718 1561.

232 3015 271 3077 12
286 3011 379 3077 Carta
399 3007 628 3077 feudifirmaria
642 3030 714 3074 cum
736 3016 889 3095 preoepto
910 3004 1014 3073 sasine
1030 3006 1071 3071 ab
1086 3006 1198 3071 eodem
1213 3008 1481 3075 commendatario
1502 3029 1561 3094 pro
1584 3028 1708 3073 summa
1729 3016 1803 3071 octo

285 3131 434 3197 librarum
452 3130 539 3195 sacta
556 3128 694 3194 Patricio
714 3128 828 3215 Smyth
847 3127 926 3194 alias
941 3128 1061 3193 Bastar
1075 3136 1109 3193 et
1123 3127 1194 3193 eius
1211 3150 1327 3215 sponse
1345 3150 1442 3215 super
1461 3129 1554 3195 terris
1568 3130 1689 3195 vocatis
1702 3128 1803 3193 Well·

286 3249 367 3315 croit
383 3270 446 3313 vna
464 3270 537 3313 cum
555 3246 702 3314 domibus
724 3246 857 3313 edificiis
874 3256 906 3312 et
925 3244 1003 3312 ortis
1025 3267 1083 3332 per
1104 3246 1191 3333 ipsos
1212 3268 1251 3313 ac
1272 3246 1420 3312 Finlaum
1444 3247 1557 3332 Smyth
1577 3246 1658 3313 alias
1681 3248 1803 3311 Bartar

286 3377 408 3453 patrum
418 3366 495 3432 dieti
508 3365 637 3451 Patricij
654 3364 817 3453 occupatis
828 3364 1010 3450 jacentibus
1023 3364 1107 3430 iuter
1121 3365 1164 3430 lia
1179 3365 1264 3431 Well
1275 3366 1384 3431 strand
1394 3387 1435 3432 ex
1446 3364 1636 3431 occidentali
1651 3376 1685 3430 et
1696 3376 1799 3430 ortum

285 3494 431 3551 vocaturn
450 3485 547 3550 ducat
562 3484 650 3551 zaird
670 3506 711 3551 ex
726 3483 872 3551 orientali
892 3482 1057 3569 publicum
1071 3482 1179 3549 vicum
1194 3505 1259 3570 quo
1278 3482 1343 3549 itur
1357 3484 1398 3549 ad
1412 3482 1577 3550 eudesiam
1592 3484 1634 3550 da
1649 3484 1799 3550 Madirtie

286 3626 325 3669 ax
346 3602 466 3669 boreali
480 3612 513 3669 et
532 3603 664 3671 crustam
679 3615 823 3670 vocatam
842 3602 948 3669 Paline
963 3602 1045 3667 croit
1059 3624 1101 3668 ex
1121 3603 1252 3669 australi
1267 3603 1412 3689 partibus
1425 3605 1459 3669 iu
1473 3603 1605 3671 baronia
1618 3605 1659 3670 de
1675 3604 1802 3691 Cardny

286 3743 347 3788 vna
361 3744 435 3789 cum
454 3722 621 3809 privilagio
635 3722 776 3790 fodiendi
797 3722 877 3789 duas
891 3721 992 3788 dietas
1007 3732 1153 3808 patarum
1168 3722 1201 3787 in
1217 3722 1404 3787 occidentali
1425 3721 1552 3788 marisio
1566 3723 1606 3789 de
1622 3723 1800 3810 Incheffray

286 3852 319 3908 at
333 3864 373 3908 aa
388 3852 478 3929 parts
492 3842 611 3908 boreali
626 3841 704 3909 silve
718 3843 758 3908 da
774 3840 940 3907 Incheviot
954 3841 1130 3906 Reddendo
1144 3840 1219 3906 inde
1227 3838 1390 3907 annuatim
1401 3840 1510 3906 decem
1522 3841 1640 3907 solidos
1654 3865 1717 3908 vna
1728 3865 1799 3909 cum

285 3963 408 4029 duabus
435 3961 569 4048 pultrsis
594 3962 745 4027 solvendo
770 3958 867 4026 etiam
891 3959 1092 4025 hersteldam
1119 3980 1192 4025 cum
1219 3982 1276 4046 per
1300 3970 1435 4025 mortam
1462 3960 1634 4047 contigerit
1659 3984 1718 4027 seu
1741 3985 1799 4049 pro

286 4082 395 4149 endum
423 4080 535 4166 viginti
560 4079 678 4147 solidos
703 4100 827 4146 necnon
852 4077 1044 4164 duplicando
1070 4076 1282 4144 fauditirmam
1306 4074 1441 4145 introitu
1466 4080 1638 4147 cuiuslibet
1662 4082 1797 4149 heredis.

286 4204 371 4269 Data
384 4203 446 4270 sub
460 4199 619 4267 communi
634 4198 739 4284 sigillo
754 4208 851 4285 atque
866 4196 1046 4283 subscripta
1061 4197 1147 4283 apud
1161 4196 1387 4263 monasterium
1401 4199 1441 4264 de
1453 4199 1631 4286 Inchaffray
1646 4203 1689 4266 12
1704 4204 1801 4269 Octo·

287 4323 349 4391 bris
364 4324 445 4389 A-D.
462 4322 556 4388 1559.
