4450 6034
468 523 517 592 24
1042 511 1402 591 REGISTRUM

472 854 593 956 Care
610 877 759 956 nare
777 878 890 980 nego
905 878 953 956 ue
968 879 1076 955 eres
1091 878 1139 956 <10
1156 877 1326 981 cauny
1346 920 1356 939 ·

404 1151 454 1220 22
470 1117 669 1220 Robertus
685 1144 744 1220 dei
760 1143 876 1245 gratia
892 1143 973 1218 Rex
992 1141 1202 1220 Scottorum
1218 1141 1385 1218 omuibus
1402 1141 1523 1245 probis
1538 1141 1745 1219 hominibus
1759 1145 1872 1220 totius
1888 1157 1981 1220 terre

467 1279 527 1353 sue
549 1291 624 1354 tam
647 1276 782 1353 clericis
805 1303 914 1377 quam
937 1275 1037 1352 laicis
1060 1274 1210 1353 sulutem
1234 1315 1244 1338 ·
1272 1274 1398 1352 Sciant
1417 1277 1599 1378 presentes
1626 1291 1664 1354 ct
1681 1276 1795 1354 futuri
1822 1303 1889 1354 nos
1916 1305 1980 1380 pm

467 1410 578 1486 solute
601 1411 720 1486 anime
742 1411 859 1487 nostre
883 1423 921 1485 et
944 1435 1011 1511 pro
1036 1407 1148 1485 salute
1170 1410 1372 1484 animorum
1387 1387 1669 1513 puedeceffomm
1691 1423 1729 1487 et
1751 1410 1981 1488 succeffornm

467 1545 668 1619 nostrorum
686 1569 812 1644 regum
836 1541 957 1619 Scotie
976 1541 1106 1618 dediffe
1127 1556 1165 1619 et
1185 1543 1379 1618 concellifl'e
1398 1556 1436 1619 et
1450 1541 1520 1620 huc
1536 1557 1635 1619 mna
1658 1544 1778 1620 nostra
1802 1544 1980 1622 irreuoea·

466 1674 584 1752 biliter
606 1675 826 1750 contii-malfe
850 1674 920 1750 deo
943 1688 981 1749 et
1005 1671 1147 1776 ecclelie
1171 1673 1278 1749 scobi
1300 1673 1478 1750 Jobaunis
1502 1673 1666 1776 Apostoli
1691 1687 1730 1752 et
1752 1674 1980 1778 Euangeliite

467 1809 514 1884 de
536 1807 657 1884 Inlulo
675 1808 859 1888 (tliffurum
879 1823 917 1884 et
939 1807 1118 1883 canonicis
1142 1806 1275 1883 ibidem
1301 1806 1370 1883 deo
1393 1807 1627 1882 seruientibus
1653 1823 1690 1883 et
1715 1809 1980 1912 imperpetuum

466 1940 646 2016 semitaris
666 1955 781 2016 totam
797 1953 930 2016 terram
952 1940 1108 2014 nostram
1130 1938 1176 2016 de
1198 1937 1372 2041 Oarduuy
1393 1953 1430 2014 et
1447 1940 1492 2014 dc
1508 1938 1738 2042 Dolcomchy
1756 1942 1795 2016 in
1812 1941 1980 2046 thunagio

467 2072 513 2148 de
532 2074 725 2173 fforteuyot
744 2097 828 2148 eum
846 2071 1072 2173 pertinentiis
1092 2070 1305 2146 Tenendam
1326 2084 1364 2146 et
1385 2069 1589 2147 habendam
1606 2072 1737 2150 eisdem
1753 2072 1927 2175 aeligiolis
1943 2077 1979 2150 in

365 2168 368 2191 Ι
467 2204 616 2280 liberum
636 2229 765 2304 puram
779 2216 818 2279 et
832 2218 1044 2305 perpetuam
1068 2199 1294 2277 elemofinam
1323 2205 1396 2278 fine
1420 2202 1541 2302 aliquo
1570 2203 1811 2282 retinemento
1837 2206 1876 2282 in
1898 2234 1980 2309 per·

469 2353 618 2438 potuum
635 2362 701 2437 per
716 2360 840 2411 omnes
855 2335 968 2410 nectem
984 2346 1098 2409 metas
1115 2347 1153 2408 ct
1170 2332 1298 2408 diuisas
1314 2334 1394 2412 luas
1410 2349 1448 2410 et
1464 2361 1547 2410 cum
1569 2337 1737 2413 omuibus
1759 2336 1981 2416 libertatibus

468 2467 781 2546 commoditatibus
805 2479 842 2541 et
864 2463 1076 2540 aisiamentis
1097 2464 1167 2539 luis
1187 2464 1226 2538 in
1248 2464 1359 2541 boscis
1376 2480 1413 2542 et
1429 2465 1547 2568 planis
1567 2467 1679 2569 pratis
1701 2483 1739 2546 et
1757 2471 1895 2571 pascuis
1915 2471 1980 2548 viis

469 2616 506 2677 et
530 2597 660 2676 semitis
684 2597 794 2675 moris
818 2610 857 2672 et
880 2595 1059 2679 mantellis
1084 2595 1187 2694 aquis
1210 2595 1344 2697 stagnis
1368 2596 1535 2672 multuris
1551 2598 1766 2683 molendinis
1781 2603 1928 2704 poteriis
1945 2619 1981 2680 et

469 2729 636 2826 turbariis
667 2729 707 2804 in
732 2727 1028 2829 aucupationibus
1051 2725 1301 2802 venationibus
1334 2729 1540 2804 nemoribus
1573 2745 1611 2806 et
1637 2731 1792 2831 piscariis
1826 2748 1865 2811 et
1898 2761 1980 2843 cum

471 2864 639 2940 omnibus
661 2860 739 2937 aliis
758 2859 863 2961 justis
886 2858 1113 2961 pertinentiis
1137 2859 1207 2934 luis
1232 2873 1307 2934 tam
1331 2885 1405 2935 non
1430 2862 1622 2938 nominatis
1647 2889 1754 2964 quam
1789 2867 1981 2944 nominatis

470 2997 519 3072 ad
542 2995 671 3071 dictam
695 3008 827 3069 terram
847 2991 1111 3093 pertinentibus
1133 3007 1197 3066 aut
1220 2991 1257 3065 in
1277 2993 1444 3092 posterim
1464 2993 1644 3094 pertinere
1666 2995 1867 3074 valentibus
1890 3001 1979 3076 adeo

470 3129 580 3204 libere
604 3139 641 3202 et
670 3125 789 3225 quiete
817 3123 956 3225 integre
984 3121 1144 3224 plenarie
1172 3122 1319 3224 pacifice
1348 3135 1385 3198 et
1413 3123 1607 3200 honorilice
1636 3128 1682 3202 ab
1709 3129 1808 3204 omni
1833 3131 1980 3210 seruicio

470 3259 616 3336 seculari
637 3257 821 3334 exactione
837 3254 953 3332 semili
969 3252 1222 3330 cousuetudine
1238 3253 1298 3329 seu
1315 3253 1495 3366 demendo
1510 3282 1580 3357 que
1597 3284 1663 3358 per
1679 3285 1746 3334 nos
1761 3277 1825 3337 aut
1846 3265 1980 3342 succes-

471 3394 563 3468 sores
585 3391 721 3466 nostros
746 3389 786 3464 iu
818 3386 985 3489 posterim
1008 3384 1094 3460 inde
1117 3396 1290 3486 poterunt
1314 3384 1411 3486 exigi
1431 3387 1491 3461 seu
1516 3388 1726 3468 demandari
1751 3395 1838 3470 ficut
1863 3395 1980 3500 aliqua

472 3541 568 3601 terra
582 3524 798 3599 elimolinata
815 3521 852 3594 in
869 3535 946 3596 toto
962 3544 1075 3618 regno
1091 3519 1210 3594 nostro
1226 3543 1272 3593 ex
1288 3517 1385 3592 dono
1402 3544 1535 3620 sogum
1553 3521 1674 3598 Scotie
1698 3525 1980 3627 predecefl'orum

473 3661 670 3736 nostrorum
685 3655 829 3731 liberius
845 3653 1000 3755 quietius
1019 3651 1160 3754 plenius
1182 3653 1242 3730 scu
1264 3650 1556 3730 honorificentius
1575 3671 1718 3734 tenetur
1737 3687 1802 3736 seu
1827 3664 1978 3764 poffide-

473 3807 533 3868 tur
567 3830 577 3852 ·
614 3789 659 3863 In
688 3787 792 3888 cujus
823 3786 876 3860 rei
908 3783 1147 3860 testimonium
1180 3784 1333 3884 presenti
1366 3801 1462 3861 carte
1495 3789 1612 3866 nostre
1640 3791 1790 3892 tigillum
1819 3797 1978 3871 nostrum

472 3922 690 4027 precipimus
722 3919 856 4022 apponi
890 3961 900 3978 ·
934 3917 1018 3992 Hiis
1051 3917 1196 3992 testibus
1229 3915 1414 3994 Beruardo
1447 3920 1593 3998 Abbate
1625 3923 1671 3999 de
1701 3924 1977 4006 Aberbrothcek

473 4053 682 4132 cancellario
705 4053 849 4126 nostro·
877 4050 1036 4128 Roberto
1055 4049 1186 4124 abbate
1202 4050 1247 4124 de
1272 4049 1516 4154 Dunfermlyn
1540 4095 1550 4114 ·
1575 4054 1769 4138 &lalcolmo
1785 4061 1916 4138 comite
1933 4063 1977 4136 de

472 4187 652 4287 Ieuynox
670 4227 680 4245 ·
696 4183 862 4259 Johanne
875 4181 920 4256 de
936 4179 1149 4262 meneteth·
1169 4178 1333 4258 Gilberto
1347 4181 1392 4258 de
1405 4183 1514 4286 Hayu
1532 4227 1539 4244 ·
1560 4185 1773 4288 Hugoueda
1784 4191 1894 4268 Ertht
1912 4232 1922 4252 ·
1940 4209 1977 4270 et

474 4319 633 4395 Roberto
649 4317 696 4392 de
718 4313 830 4390 Keith
844 4311 1043 4398 mmalcallo
1059 4312 1177 4388 nostro
1195 4311 1317 4390 Scotie
1340 4313 1511 4399 militibus
1529 4358 1538 4377 ·
1562 4319 1662 4420 apud
1678 4319 1833 4400 Fontem
1845 4324 1975 4419 ¹Scocie

417 4556 422 4564 .
471 4454 531 4530 xvi
546 4454 606 4530 die
621 4449 803 4549 Februarij
821 4474 917 4524 anno
932 4446 1033 4549 regni
1049 4445 1157 4522 nostri
1173 4447 1298 4522 ottuuo
1315 4488 1325 4508 ·
