4450 6034
462 507 488 580 6
1044 495 1401 576 REGISTRUM

469 844 593 946 (latta
608 869 721 972 Regis
740 867 909 944 willelmi
924 867 1028 968 super
1043 820 1147 942 terris
1163 866 1210 941 do
1226 865 1461 966 maddyrnyn
1480 905 1488 922 ·

331 1228 335 1237 ¹
426 1109 697 1212 2Willelmus
726 1135 801 1210 Dei
831 1136 947 1236 gratia
975 1135 1108 1232 [Rex]
1140 1133 1347 1210 Scottorum
1375 1131 1545 1234 episcopis
1574 1131 1761 1216 abbatibus
1791 1134 1978 1210 comitibus

286 1230 361 1376 pli
466 1247 659 1346 baronibus
678 1268 881 1370 justiciariis
903 1267 1170 1374 vicecomitibus
1195 1265 1378 1367 prepositis
1401 1263 1654 1364 ministrisque
1675 1263 1841 1340 omnibus
1861 1263 1979 1367 probis

257 1383 283 1425 i
418 1436 422 1443 ·
456 1404 672 1484 ,hominibus
702 1403 814 1479 totius
841 1385 935 1478 terre
953 1402 1022 1478 sue
1050 1400 1187 1476 clericis
1215 1414 1253 1476 et
1281 1399 1382 1474 laicis
1412 1383 1558 1473 salutem
1598 1441 1606 1457 ·
1646 1393 1771 1496 Sciant
1802 1399 1979 1500 presentes

468 1557 506 1617 ct
537 1539 650 1616 futuri
682 1564 742 1612 mc
774 1537 906 1613 dedisse
937 1535 1133 1642 concollifl'o
1166 1547 1204 1609 et
1236 1533 1303 1608 hac
1335 1531 1488 1632 presenti
1520 1543 1620 1607 carta
1651 1557 1733 1607 mea
1763 1531 1979 1610 conlirmaffs

468 1669 591 1748 comiti
613 1663 778 1762 Gilberto
803 1667 850 1743 de
876 1666 1091 1767 stratheryn
1113 1664 1338 1768 &laddyrnin
1360 1689 1426 1766 por
1447 1663 1558 1738 roilas
1581 1663 1708 1739 dioisas
1732 1663 1811 1742 suas
1835 1680 1874 1742 et
1897 1693 1978 1742 cum

468 1796 637 1873 o'mnibos
653 1794 758 1893 justis
773 1790 999 1900 pertinentiis
1021 1791 1060 1866 in
1079 1777 1190 1867 bosco
1207 1775 1251 1865 et
1269 1789 1382 1891 plano.
1398 1789 1437 1868 in
1459 1795 1562 1872 terris
1584 1809 1621 1870 ct
1641 1795 1744 1896 aquis
1760 1795 1798 1872 in
1814 1799 1927 1898 pratis
1942 1815 1978 1876 et

468 1930 605 2032 pascuis
631 1927 669 2002 in
693 1925 803 2016 moris
827 1938 864 2001 ct
889 1923 1043 2000 matellis
1062 1922 1102 1997 in
1122 1921 1334 2000 molendinis
1352 1938 1388 2000 ot
1403 1927 1535 2028 stagnis
1552 1942 1589 2003 et
1605 1927 1770 2004 omnibus
1786 1929 1865 2006 aliis
1876 1933 1978 2031 justis

467 2059 694 2166 pertinentiis
713 2045 890 2139 suis-cum
908 2057 1009 2132 sacca
1023 2069 1062 2131 et
1076 2054 1175 2132 socca
1186 2063 1276 2132 'cum
1290 2055 1380 2133 tholl
1396 2074 1433 2136 et
1449 2058 1590 2136 theamc
1607 2072 1644 2136 'et
1659 2059 1951 2164 insangandthcse
1967 2109 1976 2126 ·

469 2193 684 2272 Tenendam
715 2191 779 2266 fibi
810 2203 848 2265 ct
880 2188 1074 2289 heredibus
1106 2187 1178 2262 suis
1199 2188 1256 2270 ,de
1290 2191 1349 2266 me
1374 2199 1422 2270 ‘et
1455 2191 1647 2274 herodibus
1676 2194 1772 2288 ,meis
1804 2196 1843 2272 in
1875 2199 1977 2276 feodo

467 2344 506 2406 st
531 2327 730 2404 hereditate
748 2323 867 2400 libero
892 2335 932 2416 ot
956 2320 1080 2422 quiete
1106 2319 1268 2423 plenarie
1295 2321 1557 2402 et'honorislce·
1577 2353 1642 2428 por
1666 2328 1850 2406 semitium
1873 2335 1977 2412 vuius

466 2459 591 2536 militis
616 2457 668 2534 ita
688 2455 798 2534 etiam
817 2454 916 2554 quod
938 2479 1007 2529 nec
1029 2452 1102 2554 ipse
1127 2479 1195 2530 occ
1220 2441 1370 2532 heredes
1385 2456 1447 2531 ,sui
1470 2457 1591 2556 aliquo
1615 2449 1778 2562 tempore
1800 2462 1979 2542 vondeant

468 2593 515 2668 do
537 2571 633 2668 terra
651 2587 865 2666 Gillecolmc
886 2583 1096 2676 (tlmcsmllo
1118 2599 1182 2662 aut
1203 2585 1396 2664 heredibus
1421 2589 1490 2688 sois
1515 2610 1578 2666 out
1600 2590 1708 2667 alicui
1729 2591 1775 2668 dc
1797 2597 1978 2696 parentela

466 2726 530 2804 sua
549 2719 721 2824 liquando
742 2717 924 2820 querclam
938 2716 1033 2795 ‚inde
1052 2743 1140 2817 erga
1162 2743 1223 2794 cos
1243 2745 1386 2829 movere
1408 2721 1586 2800 voluerint
1608 2725 1777 2825 quoniam
1800 2729 1978 2830 predictus

468 2855 661 2934 comm
685 2881 751 2955 pro
776 2849 908 2942 soom
932 2878 1041 2952 quam
1055 2877 1153 2953 arga
1177 2879 1237 2928 me
1265 2853 1349 2930 foen
1382 2869 1514 2931 onam
1546 2831 1834 2959 prenominatam
1867 2865 1977 2940 amnt

466 2994 554 3068 ficut
575 2989 635 3067 illo
651 2988 778 3090 'quiin
798 2985 1107 3064 selonia'retldidit
1129 2986 1309 3086 castellnm
1330 2991 1518 3068 meum‘de
1540 2992 1670 3096 Heryn
1693 3010 1730 3073 et
1748 2998 1871 3097 postea
1891 3001 1976 3076 ficut

468 3125 587 3226 iniqua
609 3137 646 3199 ct
667 3119 829 3224 proditor
850 3120 915 3196 ivit
928 3121 984 3196 -ad
1006 3119 1169 3196 inimicos
1190 3145 1290 3199 meos
1312 3123 1481 3200 mortales
1501 3139 1538 3202 et
1559 3153 1641 3202 com
1664 3127 1715 3203 eis
1736 3130 1832 3205 stetit
1855 3146 1976 3208 contra

466 3263 527 3335 me
551 3259 599 3334 od
621 3233 904 3334 sorisl'aciendum
929 3281 995 3353 pro
1013 3254 1109 3356 posse
1128 3255 1189 3330 suo
1211 3297 1220 3314 ·
1245 3255 1411 3334 Testibus
1437 3259 1567 3337 comite
1580 3255 1710 3337 vDavid
1733 3264 1843 3340 fratre
1868 3293 1974 3342 meo·

469 3391 629 3466 Ricatdo
645 3391 692 3466 (lc
708 3387 866 3477 moruile
881 3374 1140 3463 coristirbulario
1159 3430 1167 3448 ·
1190 3387 1357 3491 Philippo
1374 3391 1419 3467 de
1436 3392 1599 3468 Valoniis
1620 3431 1631 3454 ·
1651 3392 1771 3470 Alano
1788 3395 1973 3496 dapifero·

467 3523 632 3600 Waltero
647 3521 803 3609 Olisa'rd
830 3559 850 3618 ῃ
865 3518 1047 3594 Willclmo
1073 3519 1121 3595 (le
1147 3519 1339 3622 Lyndesay
1368 3563 1378 3584 ·
1405 3523 1565 3602 Waltero
1594 3525 1729 3602 Oorbet
1760 3571 1769 3588 ·
1797 3528 1975 3606 Willelmo
2092 3553 2097 3558 '

466 3656 617 3757 (lumin
644 3652 835 3729 ·Ranullo
856 3651 904 3728 (le
926 3650 1031 3726 Soles
1057 3694 1065 3713 ·
1091 3650 1224 3727 Swano
1245 3652 1319 3730 silio
1340 3654 1462 3732 Thone
1485 3697 1495 3718 ·
1519 3657 1701 3736 Willelmo
1726 3659 1799 3736 filio
1825 3661 1946 3739 'shore
1965 3706 1973 3724 ·

467 3786 567 3890 apud
584 3787 756 3888 Lillidqw
774 3827 801 3852 ..
944 3810 947 3814 ·
991 3809 997 3818 ·
1169 3827 1173 3836 ·
