4450 6034
745 488 824 567 DE
850 485 1251 568 INOHAFFERY.

242 831 315 932 De
331 855 469 932 catallis
485 858 723 959 suspensorum
742 898 752 922 ·

204 1090 439 1200 odilbertus
455 1147 574 1198 comes
590 1123 636 1197 de
657 1120 870 1221 Strotheryu
885 1119 1050 1194 omnihus
1070 1117 1272 1193 hominibus
1290 1119 1398 1196 totius
1419 1133 1511 1194 terre
1528 1118 1587 1193 sue
1603 1117 1749 1192 sulutem

233 1251 367 1350 ¹Sciunt
388 1255 567 1355 presentes
592 1269 628 1330 et
652 1255 763 1332 suturi
784 1280 844 1328 ms
869 1252 1000 1328 dedisse
1025 1251 1218 1328 concessisse
1243 1266 1280 1326 st
1305 1251 1372 1328 hee
1392 1267 1489 1328 carte
1513 1279 1594 1328 mea
1618 1252 1748 1328 confir-

241 1384 347 1459 masse
371 1411 438 1486 pro
464 1385 523 1462 dei
541 1411 661 1461 umore
687 1399 724 1460 et
748 1384 857 1460 salute
882 1383 1000 1458 anime
1027 1409 1107 1457 mee
1133 1397 1169 1458 et
1194 1383 1314 1458 uxoris
1334 1410 1414 1459 mee
1436 1398 1473 1460 et
1493 1383 1748 1460 antecessorum

241 1515 475 1592 etheredum
499 1544 663 1593 meorum
690 1516 774 1592 Deo
803 1529 840 1592 et
861 1517 977 1591 sansto
1007 1513 1166 1590 Johenni
1190 1513 1362 1617 Apostolo
1392 1531 1428 1592 et
1458 1515 1679 1617 ewangeliste
1702 1515 1748 1589 de

241 1647 447 1749 Inchaffrpn
468 1665 505 1724 et
529 1650 707 1725 canonicis
730 1649 862 1725 ibidem
878 1648 962 1724 Deo
985 1663 1022 1724 et
1044 1649 1160 1724 sonsbo
1177 1646 1336 1723 Johunni
1358 1649 1588 1725 seruientibus
1614 1663 1651 1724 et
1675 1649 1748 1722 ser-

240 1781 367 1857 uituris
383 1782 476 1858 hene
495 1781 697 1858 libertatem
713 1782 854 1882 quodsi
876 1781 1002 1881 aliquis
1025 1780 1210 1856 hominum
1230 1782 1372 1858 suorum
1391 1783 1437 1858 de
1456 1783 1631 1858 territorio
1650 1781 1747 1882 quod

239 1938 306 2013 ego
321 1913 361 1987 in
377 1912 525 1989 liberem
541 1913 756 1990 elimosinam
772 1914 824 1989 eis
842 1912 926 1988 dedi
944 1926 1079 1988 retatus
1095 1912 1202 1988 suerit
1222 1912 1260 1987 iu
1281 1911 1378 1988 curie
1400 1913 1541 1990 meede
1558 1914 1653 1988 furto
1673 1913 1746 1986 fiue

238 2044 284 2120 de
313 2045 384 2120 alia
411 2045 530 2146 eliqua
553 2045 697 2146 querele
721 2073 790 2146 que
818 2044 866 2120 ud
895 2044 1029 2121 curiam
1058 2071 1176 2120 meem
1203 2045 1359 2146 pertinet
1389 2060 1426 2121 et
1454 2049 1480 2122 si
1509 2046 1554 2122 de
1584 2044 1643 2120 ille
1668 2057 1747 2119 rete

233 2179 371 2279 judicio
389 2180 577 2255 damnatus
593 2179 725 2254 suerit·
742 2177 813 2254 solo
827 2177 915 2252 mihi
933 2192 969 2254 et
986 2176 1175 2252 heredibus
1192 2178 1281 2253 meis
1298 2205 1444 2280 corpore
1460 2179 1580 2257 relicto
1596 2183 1643 2256 ed
1660 2209 1746 2258 con-

238 2311 450 2388 seruandam
468 2311 647 2413 justiciam
674 2311 771 2386 curie
798 2311 915 2386 nostre
943 2350 952 2366 ·
980 2309 1101 2394 omnia
1125 2308 1252 2390 catallo
1278 2311 1339 2386 suu
1366 2314 1602 2389 remanebunt
1630 2316 1746 2392 saneto

239 2443 399 2522 Jobnnni
414 2457 451 2520 et
474 2443 653 2520 canonicis
680 2485 689 2506 ·
716 2443 767 2518 Et
787 2444 812 2518 si
832 2441 924 2518 sorte
948 2441 1075 2544 aliquis
1100 2441 1289 2517 hominum
1308 2445 1449 2520 suorum
1468 2445 1513 2520 de
1534 2445 1651 2547 eliqua
1670 2463 1748 2537 rete

238 2605 303 2681 per
328 2578 538 2681 peccuniam
563 2603 706 2655 mecum
731 2576 789 2652 vel
812 2603 895 2652 cum
919 2577 1111 2660 heredibus
1136 2577 1224 2652 meis
1254 2577 1364 2658 finem
1391 2578 1514 2654 fecerit
1543 2581 1658 2656 omnis
1688 2581 1748 2658 ille

238 2711 355 2788 finalis
386 2711 538 2813 pecunie
564 2710 730 2812 prodistis
757 2710 936 2785 canonicis
964 2709 1165 2786 remanebit
1198 2751 1207 2769 ·
1240 2709 1348 2787 Hanc
1373 2711 1518 2812 quidem
1546 2713 1748 2792 libertatem

238 2845 323 2923 Deo
335 2859 374 2922 et
384 2846 500 2921 sancto
512 2844 537 2921 J
538 2843 671 2919 ohanni
686 2859 723 2920 et
739 2843 907 2945 prodistis
919 2843 1097 2919 cononicis
1110 2843 1156 2918 de
1174 2869 1232 2918 me
1249 2857 1285 2918 et
1302 2843 1495 2922 heredibus
1511 2848 1600 2924 meis
1615 2849 1749 2950 imper..

238 2995 388 3082 petuum
411 2977 614 3054 hahendam
636 2977 790 3081 presenti
809 2977 937 3076 scripto
954 2977 1164 3054 confirmaui
1186 3018 1195 3041 .·
1221 2977 1303 3057 Hiis
1326 2977 1471 3054 testibus
1487 2980 1625 3065 otuifio
1641 2984 1749 3060 fratre

236 3114 380 3210 comitis
411 3156 420 3173 ·
451 3111 607 3198 metilde
630 3112 799 3188 comitisse
829 3152 839 3173 ·
871 3111 1030 3187 Jonethe
1054 3111 1229 3212 Episcopo
1258 3110 1424 3188 Johunne
1454 3111 1747 3192 Archidieeono·

240 3246 424 3323 Abbraam
450 3244 632 3348 capellano
657 3246 795 3328 comitis
825 3287 835 3307 ·
868 3244 1102 3321 Constantino
1132 3244 1261 3320 Judice
1294 3285 1302 3306 ·
1334 3244 1562 3322 Gillenauem
1591 3249 1748 3349 dapifero

240 3378 378 3462 molisio
402 3378 475 3453 silio
507 3379 585 3480 ejus
618 3419 628 3440 ·
662 3377 841 3454 Willelmo
866 3377 1017 3462 Ferteth
1042 3378 1202 3454 Roberto
1227 3376 1392 3478 Fergusio
1417 3379 1555 3464 malitie
1581 3380 1748 3462 Gilchrist

240 3512 323 3591 filiis
342 3510 432 3592 meis
449 3525 486 3586 et
503 3509 625 3587 miritis
642 3509 748 3588 aliis,

242 3855 314 3990 Ds
332 3913 473 3990 decisus
488 3913 533 3988 de
550 3911 830 3988 Ouchtirardore
847 3953 857 3973 ·

204 4155 464 4258 'sAlexender
487 4179 562 4255 Dei
589 4178 708 4280 gretie
733 4179 815 4254 Rex
843 4177 1050 4254 Scottorum
1075 4179 1240 4255 omnibus
1265 4180 1385 4281 probis
1411 4181 1613 4258 hominibus
1638 4184 1747 4259 totius

244 4330 336 4394 terre
362 4314 422 4389 sue
445 4311 579 4388 clericis
605 4327 642 4388 et
665 4311 775 4413 laycis
795 4311 943 4390 salutem
968 4310 1097 4387 Sciatis
1124 4313 1302 4411 presentes
1327 4327 1364 4389 et
1388 4314 1499 4390 suturi
1525 4343 1590 4392 nos
1617 4317 1746 4394 dedisse

243 4465 279 4524 et
294 4447 488 4526 concessisse
509 4460 546 4522 et
564 4445 633 4520 hac
649 4459 747 4520 certa
764 4444 882 4521 nostre
899 4446 1116 4522 confirmuffe
1133 4444 1216 4522 Deo
1233 4460 1270 4523 et
1287 4445 1428 4523 ecclesie
1444 4449 1554 4527 sancti
1570 4449 1746 4526 Johannis

242 4582 387 4686 apostoli
412 4598 449 4659 et
469 4578 682 4683 euangeliste
707 4579 753 4656 de
768 4580 983 4688 inchaffryn
1006 4595 1042 4657 et
1063 4580 1241 4656 canonicis
1261 4580 1393 4659 ibidem
1410 4580 1493 4657 Deo
1514 4582 1745 4664 seruientibus
