4450 6034
758 524 838 598 DE
867 522 1269 601 INOHAFFERY.

259 866 387 996 Qec
403 887 571 966 crematio
588 889 669 964 nni
685 902 722 964 et
739 889 883 964 conum
899 889 945 964 ee
962 889 1184 990 mmnnyn
1205 929 1213 950 .

186 1160 238 1240 75
257 1129 384 1257 Hugo
401 1156 462 1231 dei
482 1154 598 1256 gretie
617 1152 883 1228 Dunkeldeniis
905 1153 1089 1254 episcopus
1105 1153 1271 1228 om'nibue
1293 1155 1435 1254 presens
1456 1154 1623 1256 scriptum
1640 1156 1763 1232 visuris

255 1291 311 1368 rel
321 1290 498 1367 audituris
508 1302 667 1364 eternam
682 1286 720 1361 in
732 1287 876 1362 dominc
888 1285 1058 1362 salutern·
1075 1286 1232 1362 Noucrit
1243 1287 1448 1362 vniuerfitce
1460 1290 1573 1364 vestre
1589 1315 1654 1364 noe
1672 1279 1763 1365 ceri-

255 1425 340 1503 ntis
364 1438 402 1500 et
426 1422 550 1499 dinine
575 1420 718 1521 pietctie
740 1421 873 1496 intuitu
895 1420 1056 1496 remififfe
1078 1435 1115 1496 et
1140 1420 1177 1494 in
1202 1434 1416 1521 perpetuum
1437 1422 1579 1520 quitum
1600 1422 1761 1500 elemeffe

254 1558 376 1635 abbati
401 1572 439 1633 et
463 1555 640 1632 canonicis
665 1555 712 1629 de
738 1552 857 1629 Insula
877 1554 1062 1637 mitrarum
1086 1579 1217 1630 canum
1242 1566 1279 1630 et
1304 1567 1496 1630 conneturn
1522 1557 1621 1654 quod
1643 1555 1761 1634 clerici
1821 1623 1824 1636 .

256 1692 396 1770 ecclefie
413 1689 678 1766 Dunkeldenfie
694 1688 877 1789 percipere
893 1688 1152 1762 consueuerant
1176 1687 1273 1788 apud
1291 1688 1513 1790 meddirdpn
1539 1689 1601 1788 qui
1620 1689 1760 1766 Scotice
1817 1712 1820 1739 ³

258 1827 387 1902 dicitur
407 1825 557 1901 Abthen
583 1867 593 1884 ·
617 1823 680 1898 Ad
700 1822 810 1924 hujus
833 1834 954 1897 autern
971 1820 1069 1921 quite
1086 1820 1303 1896 clamationie
1320 1821 1425 1896 robor
1447 1837 1660 1924 perpetuum
1676 1823 1760 1921 huic
1802 1921 1805 1928 Ι

257 1961 383 2061 scripto
398 1958 548 2060 tigillum
565 1959 721 2032 nostrum
739 1955 965 2056 apposuimus
984 1997 993 2015 ·
1010 1954 1115 2033 Teste
1132 1953 1287 2054 capitulo
1305 1954 1551 2031 Dunkeldenfi
1570 1998 1579 2018 ·

262 2332 383 2435 Carta
398 2356 424 2432 J
425 2356 575 2430 chennie
591 2355 743 2454 episcopi
758 2353 863 2453 primi
879 2353 925 2428 de
942 2351 1090 2429 Abthen
1109 2396 1118 2414 ·

194 2627 244 2706 76
261 2596 297 2699 J
298 2621 457 2698 ohannes
473 2620 531 2694 dei
547 2619 662 2721 gratia
678 2619 859 2718 episcopus
875 2617 1140 2693 Dunkeidenfis
1157 2618 1325 2694 vniuerfis
1341 2621 1455 2694 sancte
1477 2622 1600 2704 ‹netrie
1622 2622 1762 2700 ecelefie

258 2755 339 2856 filijs
356 2756 403 2830 ad
415 2781 503 2854 qnce
515 2754 616 2830 litere
628 2752 929 2852 istepernenerint
946 2749 1117 2825 salntem·
1138 2749 1262 2826 Sciant
1275 2777 1399 2828 omnes
1412 2753 1589 2852 presentes
1601 2770 1639 2831 et
1650 2756 1762 2832 futuri

259 2917 323 2965 nce
339 2889 470 2964 dedifl’e
487 2889 679 2964 conceffiffe
701 2901 738 2962 ct
756 2885 825 2960 hac
841 2899 940 2960 certa
962 2886 1078 2959 nostra
1099 2886 1316 2962 confirmasse
1338 2885 1475 2962 Decet
1497 2888 1637 2966 ecclesie
1656 2891 1762 2966 sancti

260 3022 434 3100 Johemris
457 3022 502 3097 de
525 3019 731 3120 Inehaffryn
756 3033 793 3094 et
815 3018 983 3093 fratribus
1007 3017 1140 3093 ibidem
1164 3016 1248 3092 Dec
1264 3017 1497 3094 seruientibus
1522 3035 1559 3096 et
1583 3023 1762 3100 senriturie

260 3173 389 3233 terrem
414 3158 567 3230 nostram
591 3155 630 3228 in
650 3152 884 3253 maddyrnyn
905 3177 974 3251 que
989 3165 1085 3226 terre
1103 3165 1251 3226 vocatur
1267 3151 1439 3228 Abthene
1459 3179 1524 3252 per
1548 3157 1626 3230 suae
1650 3161 1762 3233 rectas

260 3287 387 3364 eines
410 3262 491 3362 cim
509 3284 790 3383 omnibusjustis
811 3282 1036 3384 pertinentes
1055 3282 1412 3382 reserpentem
1430 3285 1569 3360 comitis
1587 3329 1596 3346 .
1616 3287 1654 3363 c
1681 3325 1689 3350 ·
1716 3289 1762 3364 eo
1837 3274 1840 3285 '

261 3420 475 3521 Stretheryn
494 3433 531 3494 et
546 3418 665 3493 fratris
684 3419 762 3517 ejus
778 3418 822 3500 α)
844 3460 853 3477 ·
876 3415 914 3490 in
931 3414 1175 3516 redemptione
1191 3416 1307 3491 anime
1325 3418 1440 3492 nostre
1456 3431 1492 3492 et
1508 3421 1761 3496 enteceffomm

260 3555 454 3629 nostrorum
472 3565 508 3626 et
525 3551 672 3653 predidti
688 3549 828 3625 comitis
845 3589 856 3612 ·
875 3548 913 3624 G
930 3588 941 3608 ·
958 3562 995 3623 et
1006 3548 1146 3623 suornm
1164 3588 1175 3609 ·
1193 3548 1402 3624 Tenendem
1419 3551 1582 3649 predictis
1593 3551 1762 3628 iratribus

261 3702 297 3763 et
313 3711 435 3763 eorum
452 3685 698 3761 suecefforibue
714 3684 751 3756 in
762 3683 909 3758 liberam
925 3697 962 3758 et
978 3697 1187 3783 perpetuam
1203 3683 1425 3759 elemofinam
1442 3684 1642 3762 Reddendo
1657 3691 1761 3764 nobie

262 3835 298 3897 et
320 3819 567 3898 fueceffcribns
591 3818 716 3894 nostrie
740 3817 925 3893 annuatim
949 3841 1057 3892 vnem
1081 3842 1237 3892 mercem
1261 3818 1399 3918 argenti
1421 3819 1551 3895 scilicet
1573 3821 1761 3898 dimidium

261 3955 307 4030 nd
331 3953 550 4054 penticcsten
574 3965 611 4027 et
630 3951 816 4026 dimidium
841 3952 888 4026 ad
908 3950 1036 4025 festum
1059 3949 1165 4025 sandi
1187 3950 1338 4034 mertini
1363 3991 1373 4014 ·
1396 3952 1571 4029 Volumus
1587 3954 1708 4057 itaque
1725 3972 1761 4033 et

261 4086 474 4189 precipimus
497 4100 537 4162 vt
557 4085 668 4184 ijdem
692 4085 817 4160 fratres
832 4083 980 4184 predicti
996 4097 1034 4158 et
1050 4110 1175 4159 eorum
1191 4086 1395 4162 succefforee
1419 4088 1612 4189 predidtem
1631 4106 1760 4166 terrem

261 4235 407 4298 teneant
432 4231 470 4296 et
497 4218 691 4320 pcffideent
720 4218 766 4294 de
790 4217 892 4292 nobie
917 4231 954 4292 et
981 4217 1227 4292 snccefl‘cribue
1260 4219 1385 4294 nostrie
1417 4220 1468 4296 ite
1499 4219 1609 4298 libere
1642 4223 1761 4324 quiete

260 4351 418 4454 plenarie
434 4364 470 4427 et
485 4350 679 4426 honorifice
695 4350 740 4425 ab
758 4349 855 4423 omni
871 4347 1053 4423 exedione
1069 4363 1106 4423 et
1129 4349 1381 4426 consuetudine
1401 4364 1439 4427 et
1454 4351 1599 4430 seruicic
1616 4353 1759 4432 seculari

261 4487 307 4562 nd
323 4512 389 4561 noe
405 4485 607 4588 pertinente
623 4484 661 4558 in
676 4484 779 4560 bosco
796 4495 833 4557 et
857 4480 964 4583 plnno
987 4482 1026 4554 in
1045 4482 1156 4582 pratis
1180 4497 1217 4559 et
1236 4484 1372 4586 pascuis
1395 4486 1431 4560 in
1455 4488 1555 4586 equis
1571 4502 1608 4563 et
1626 4488 1758 4564 melen-

1487 4643 1513 4693 κ
1615 4679 1622 4686 .
