4450 6034
736 562 816 637 DE
847 562 912 638 IN
920 560 1251 639 OHAFFERY.
1465 577 1467 582 ·
1706 573 1755 644 55

246 902 494 1004 dommum
522 927 663 1004 comita
693 926 845 1003 nouere
874 939 1055 1002 caenum
1082 926 1189 1029 primi
1221 925 1358 1027 otauuj
1387 941 1423 1002 a
1445 927 1589 1002 eoum
1612 928 1750 1034 oruata·

242 1061 482 1164 quflfflglflta
498 1061 650 1137 duarum
666 1087 867 1136 marearum
883 1059 931 1135 de
947 1059 1111 1160 Dunyne
1130 1100 1139 1120 .

181 1336 223 1401 54
243 1299 438 1403 Omnibus
453 1327 586 1404 ouini
601 1327 764 1402 euentus
780 1327 873 1401 uano
889 1341 1025 1402 aarum
1041 1326 1427 1402 mutuaenutuae
1446 1326 1750 1407 noteriusanes.

239 1459 347 1536 oollue
365 1460 487 1537 Scotie
503 1487 621 1536 eomes
637 1461 683 1536 de
701 1459 917 1561 Stratheryn
934 1459 1080 1536 salutem
1098 1459 1137 1533 in
1153 1459 1297 1538 domino
1314 1460 1563 1558 sempiternam
1585 1504 1593 1521 ·
1623 1461 1750 1538 Sciatis

239 1619 302 1669 noe
325 1595 364 1668 in
386 1595 485 1670 ouria
508 1595 624 1670 nostra
645 1608 746 1669 tenta
766 1593 864 1694 apud
887 1591 995 1668 Orefe
1020 1593 1143 1668 otlauo
1167 1593 1225 1668 die
1247 1595 1374 1670 meniis
1391 1593 1481 1692 maij
1500 1619 1595 1671 anuo
1612 1595 1749 1672 domini

238 1727 418 1802 millelimo
443 1735 541 1803 ocem
565 1729 849 1828 quinquagefimo
883 1728 1006 1801 odlauo
1049 1725 1230 1826 inspexiffe
1264 1740 1300 1800 et
1333 1725 1507 1802 veraciter
1543 1728 1748 1804 intellexiffe

238 1886 283 1934 ex
315 1859 468 1960 prouida
500 1860 751 1936 deliberatione
783 1858 868 1933 boni
905 1856 1035 1957 oonsulij
1078 1857 1188 1932 nostri
1229 1871 1343 1932 cartas
1382 1856 1623 1958 religiosorum
1657 1862 1747 1934 viro-

236 2017 318 2065 rum
335 1992 561 2067 dominomm
577 1991 714 2066 abbatie
730 2006 767 2066 et
783 2003 983 2065 conuentus
1000 1988 1046 2064 de
1063 1988 1182 2062 Insula
1197 1988 1383 2072 (tliffamm
1401 1989 1448 2062 de
1463 2015 1584 2062 annuo
1598 1991 1746 2066 nedditu

235 2121 295 2196 suo
329 2123 566 2224 quadraginta
598 2123 749 2197 duarum
783 2147 981 2196 marcarum
1015 2121 1061 2196 de
1095 2121 1264 2222 thanagio
1297 2121 1343 2196 de
1385 2119 1548 2223 Dunyno
1590 2122 1675 2200 dato
1709 2137 1746 2198 et

235 2257 392 2331 oonoeffo
409 2257 539 2331 eisdem
555 2255 728 2356 neligiolie
744 2280 808 2355 per
825 2251 960 2329 nobiles
977 2252 1069 2328 riroe
1086 2254 1180 2328 bone
1197 2255 1369 2329 memorie
1387 2253 1574 2339 diudicium
1591 2256 1745 2357 primum

233 2402 271 2464 et
287 2388 465 2472 malitium
481 2389 673 2464 seeundum
685 2388 864 2487 quondam
882 2385 1028 2460 comites
1045 2384 1090 2458 de
1105 2383 1322 2487 Stratheryn
1334 2385 1593 2488 predecessores
1610 2388 1745 2462 nostroe

233 2547 321 2620 quas
344 2521 489 2621 quidem
513 2535 628 2594 carten
653 2518 691 2593 in
717 2518 881 2593 omnibus
902 2514 1042 2617 pundtie
1065 2516 1328 2592 conditionibus
1351 2517 1509 2594 articulis
1532 2531 1568 2596 et
1594 2519 1744 2594 eircum-

231 2654 369 2754 stantijs
384 2653 453 2728 suis
468 2653 582 2729 forma
597 2652 729 2750 puriter
741 2665 779 2726 et
794 2650 918 2726 effatu
936 2647 1154 2722 ratificamus
1166 2649 1405 2750 approbamus
1419 2665 1455 2726 et
1468 2666 1591 2727 tenore
1602 2653 1744 2752 presen-

231 2787 276 2862 tie
292 2800 390 2862 earte
411 2787 527 2862 nostre
549 2812 616 2888 pro
639 2785 741 2861 nobie
757 2799 794 2861 et
810 2783 1004 2860 heredibus
1027 2782 1152 2856 nostris
1176 2782 1431 2885 inperpetuum
1457 2786 1708 2861 confirmamus
1732 2829 1742 2847 ·

232 2917 277 2992 In
302 2921 404 3017 enjus
429 2919 479 2993 rei
506 2917 744 2994 testimonium
769 2915 921 3017 presenti
946 2933 1043 2994 carte
1069 2921 1188 2995 nostre
1217 2920 1367 3022 tigillum
1402 2924 1559 3000 nostrum
1593 2923 1743 3000 fecimus

230 3051 363 3152 apponi
380 3049 493 3151 Apud
510 3049 621 3128 Perth
638 3050 676 3124 in
691 3050 778 3125 festo
794 3050 899 3126 santii
915 3050 940 3126 J
941 3051 1093 3128 ohannis
1109 3053 1269 3154 Baptisto
1286 3082 1380 3131 anno
1399 3057 1594 3158 supradidlo
1621 3100 1630 3119 ·
1657 3058 1741 3157 Hijs

231 3182 375 3258 testibus
394 3224 402 3243 ·
421 3183 573 3259 dominis
588 3183 756 3259 Johanne
771 3181 954 3259 senescallo
970 3185 1080 3262 fratre
1097 3188 1215 3262 nostro
1240 3231 1248 3248 ·
1267 3187 1426 3290 Hugone
1443 3189 1488 3266 de
1505 3188 1711 3292 Eglyntone
1729 3231 1739 3250 ·
1834 3235 1838 3259 ι

230 3314 371 3390 ruoma
395 3315 441 3390 ue
465 3315 626 3415 raufyua
645 3314 816 3390 nutibus
844 3358 851 3374 ·
879 3315 1058 3394 willermo
1078 3318 1231 3420 sympu
1260 3363 1268 3380 .
1295 3319 1474 3398 wuamo
1492 3322 1538 3397 ue
1555 3321 1738 3406 morarum
1838 3303 1842 3315 '

230 3463 267 3524 et
282 3446 406 3524 multis
419 3445 525 3548 uliju-

228 3821 446 3926 Ratificatio
463 3845 601 3921 domini
615 3845 642 3922 J
642 3845 792 3921 ohannis
809 3845 854 3920 de
870 3846 895 3922 J
897 3846 1044 3922 olmstou
1062 3848 1108 3923 de
1125 3848 1290 3924 firmado
1309 3848 1457 3952 Struthy
1477 3892 1486 3911 ·

164 4124 210 4193 aa
229 4088 422 4189 Omnibus
447 4111 515 4186 hoe
540 4109 709 4209 scriptum
734 4107 856 4182 visura
881 4107 937 4182 ve
961 4109 1136 4184 audituris
1156 4111 1341 4190 iohannes
1367 4115 1412 4190 ue
1435 4113 1610 4191 Jouneon
1635 4115 1735 4192 mures

225 4245 371 4322 salntem
391 4258 552 4320 eternam
571 4244 608 4318 in
625 4243 772 4318 domino
789 4282 799 4302 ·
821 4243 1008 4319 Noueritis
1030 4270 1089 4318 me
1105 4259 1202 4322 rutae
1223 4262 1260 4323 et
1276 4265 1393 4348 gratae
1409 4249 1539 4326 habere
1556 4277 1598 4325 ao
1615 4237 1735 4328 firmae

225 4395 262 4456 et
280 4377 420 4454 stabiles
443 4391 566 4454 tenere
589 4375 818 4452 donationem
845 4391 881 4452 et
906 4379 1160 4454 oonoeffionem
1185 4405 1272 4481 quas
1298 4382 1444 4458 domina
1468 4385 1586 4467 &laria
1615 4386 1735 4486 sponsa

224 4538 305 4587 mea
324 4511 531 4595 monasterio
553 4509 598 4584 de
622 4508 740 4585 Insula
764 4509 949 4592 (Ilifl'arum
969 4526 1006 4585 et
1025 4513 1205 4589 canonicis
1228 4515 1385 4612 ejusdem
1406 4517 1451 4592 de
1472 4519 1638 4594 consensu
1654 4545 1734 4598 meo

223 4650 354 4726 fecerat
388 4645 432 4718 de
465 4643 618 4744 quadarn
647 4642 810 4745 portione
843 4669 961 4718 annue
994 4647 1169 4743 penfionis
1204 4664 1347 4722 eentum
1378 4647 1564 4726 solidorum
1595 4651 1731 4751 argenti
