4450 6034
769 582 848 657 DE
881 581 1280 660 INOHAFFERY.
1689 579 1691 584 ’
1731 599 1776 668 51

264 922 391 1024 Gerra
408 947 454 1022 de
472 945 605 1047 capelle
627 945 672 1019 de
695 945 846 1045 Wuyste
869 947 916 1020 de
938 945 1093 1020 tetrade
1116 945 1316 1048 Oaryinohe
1333 962 1370 1023 et
1390 947 1468 1050 alija
1492 965 1643 1049 quatuor
1666 953 1777 1028 dena-

258 1081 409 1155 nariatia
427 1094 521 1155 terro
540 1123 548 1140 ·

187 1353 239 1423 50
261 1319 461 1420 Omnibus
479 1345 609 1422 Christi
625 1344 788 1421 fidelibus
803 1346 869 1420 has
885 1345 1003 1421 literae
1020 1345 1227 1448 inspecturis
1244 1347 1301 1422 vel
1317 1348 1490 1423 audituris
1515 1348 1710 1426 Godsridus
1728 1352 1773 1428 do

259 1476 383 1552 Insula
398 1478 566 1552 dominus
581 1479 626 1554 de
637 1479 739 1579 Wyst
755 1477 900 1553 salutem
917 1478 955 1551 in
970 1478 1157 1552 vdentibus
1174 1477 1353 1554 saluatoris
1372 1521 1382 1540 ·
1400 1480 1555 1557 Nouerit
1567 1483 1771 1560 vninerlitas

256 1611 375 1685 vostra
393 1637 461 1686 uos
472 1612 606 1688 dedisse
623 1612 815 1688 oonooffiffe
832 1637 874 1686 ao
893 1611 1046 1710 presenti
1066 1609 1197 1711 [carta]
1216 1611 1431 1688 confirmasse
1448 1639 1513 1715 pro
1529 1613 1638 1691 salute
1655 1617 1772 1694 animo

257 1747 380 1823 nostro
396 1759 433 1822 et
449 1749 647 1822 nostrorum
663 1747 942 1849 predecessorum
959 1744 997 1818 in
1013 1744 1147 1819 honore
1163 1745 1278 1819 sande
1294 1745 1461 1822 trinitatis
1479 1761 1516 1822 et
1532 1749 1635 1824 beate
1652 1751 1770 1833 &lario

256 1883 406 1984 virginis
425 1883 570 1984 gloriose
590 1883 796 1967 monasterio
824 1881 931 1956 sandi
953 1879 1128 1956 Johannis
1153 1879 1364 1981 euangelista
1385 1881 1422 1954 in
1445 1881 1562 1956 Insula
1587 1883 1772 1966 miffarum

257 2030 298 2092 et
323 2015 515 2091 oonuentui
541 2014 697 2115 ejusdem
721 2014 759 2087 iu
784 2039 912 2115 puram
934 1983 971 2087 et
990 2025 1200 2113 perpetuam
1221 2011 1441 2087 elemosinam
1466 2012 1636 2115 capellam
1659 2017 1772 2092 sande

257 2148 428 2223 trinitatis
445 2149 483 2222 in
493 2149 596 2250 Wysl
612 2161 650 2222 et
666 2161 778 2223 totam
795 2163 925 2221 terram
943 2147 987 2220 de
1002 2143 1174 2246 Karynoh
1191 2159 1226 2220 at
1243 2158 1394 2244 quatuor
1411 2145 1612 2222 denariatas
1629 2163 1722 2225 terre
1735 2151 1773 2226 in

257 2281 370 2356 Ylara
385 2283 480 2357 inter
496 2282 671 2356 Hnsabost
689 2279 759 2382 [et]
779 2278 1025 2356 Kanerraraoh
1037 2279 1188 2354 eituatas
1201 2280 1287 2353 siout
1300 2278 1425 2354 melius
1436 2278 1581 2354 liberius
1600 2281 1771 2358 honorili-

257 2417 399 2490 oentius
418 2429 456 2489 et
473 2413 590 2488 utilius
611 2413 764 2489 Otisiina
782 2412 855 2486 iilia
875 2410 984 2486 Alani
1004 2411 1096 2484 bone
1118 2411 1288 2486 memorie
1305 2437 1389 2486 vera
1410 2411 1514 2488 heres
1534 2428 1570 2488 et
1596 2413 1768 2516 Reginal·

256 2550 327 2624 dus
361 2547 474 2623 didius
508 2547 695 2647 (tiliodrpi
719 2573 824 2621 verus
850 2545 1014 2620 dominus
1048 2558 1085 2619 et
1119 2559 1290 2645 patronus
1324 2545 1453 2620 didam
1487 2546 1657 2649 capellam
1686 2575 1768 2624 oum

256 2682 404 2784 prefatis
420 2681 523 2757 terris
540 2680 859 2764 denotantem
876 2693 913 2754 et
929 2679 1123 2754 eonueutui
1140 2677 1368 2754 contulerunt
1387 2723 1395 2739 ·
1416 2679 1458 2754 N
1458 2706 1497 2756 os
1513 2708 1597 2756 vero
1609 2681 1768 2759 volentes

257 2816 482 2893 collationem
499 2829 536 2891 et
552 2816 780 2891 donationem
798 2815 992 2890 eorundem
1008 2814 1147 2886 firmam
1164 2838 1206 2887 ao
1225 2813 1385 2888 stabilem
1406 2841 1614 2915 permanere
1631 2818 1769 2894 eusdem

257 2977 325 3054 per
348 2951 527 3052 presentes
551 2951 766 3024 affirmamus
790 2949 1006 3022 ratificamus
1031 2947 1269 3048 approbamus
1292 2973 1335 3023 ao
1355 2948 1569 3024 innouamns
1590 2970 1626 3026 et
1646 2952 1708 3027 sub
1725 2979 1768 3028 ea

256 3086 374 3161 sorma
394 3084 558 3160 videlicet
577 3083 673 3184 quod
693 3084 810 3157 noster
833 3080 980 3157 dilettue
999 3104 1041 3155 ae
1060 3079 1217 3182 specialia
1237 3080 1405 3156 dominns
1422 3081 1581 3158 Thomas
1601 3084 1766 3185 sepeditti

256 3219 454 3317 ‹nonasterij
477 3217 668 3294 oanonious
688 3215 832 3292 nomine
852 3215 935 3290 dieti
953 3215 1150 3313 ‹nonasterij
1176 3214 1303 3292 didam
1324 3215 1496 3316 oapellam
1517 3243 1599 3292 oum
1620 3220 1764 3320 prefatis

256 3350 422 3426 territet
449 3350 613 3425 omuibus
640 3349 708 3424 suis
734 3346 960 3449 pertinentijs
986 3346 1124 3446 integre
1151 3347 1296 3447 pacifice
1325 3362 1362 3422 ot
1390 3347 1508 3447 quiete
1535 3350 1702 3450 poffidoat
1722 3379 1764 3426 ee

257 3484 414 3586 plenarie
442 3525 451 3542 ·
482 3483 527 3557 In
557 3484 658 3583 eujus
682 3483 734 3556 rei
760 3482 998 3557 testimonium
1023 3479 1173 3582 sigillum
1202 3483 1360 3556 nostrum
1387 3482 1604 3583 presentibus
1631 3488 1761 3586 apponi

255 3618 405 3693 fecimus
422 3617 519 3720 apud
536 3618 686 3692 oestrum
703 3617 860 3693 nostrum
876 3615 922 3690 de
940 3614 1056 3690 Elane
1078 3615 1189 3717 tyrim
1209 3657 1218 3676 ·
1244 3615 1291 3717 vij
1313 3658 1322 3676 ·
1340 3616 1399 3692 die
1419 3619 1546 3692 mensis
1563 3617 1649 3720 Julij
1668 3645 1763 3696 anno

255 3751 392 3828 domini
407 3749 590 3826 millesimo
607 3756 706 3826 ooo⁸⁰
722 3750 928 3850 odingefimo
944 3775 1040 3825 nono
1057 3789 1067 3809 ·

254 4125 391 4228 laura
406 4150 646 4228 armonian
662 4151 792 4253 ayant
808 4163 901 4226 une
919 4149 1025 4251 uaerj
1044 4149 1089 4224 aa
1106 4149 1349 4224 uuonan·

190 4389 667 4494 510mnibushaslitorat
682 4416 803 4493 vnum
820 4416 877 4493 vu
896 4417 1070 4493 auditura
1092 4415 1232 4491 nactus
1255 4415 1301 4490 aa
1322 4414 1515 4492 taurona
1536 4429 1695 4494 eternam
1716 4419 1754 4494 u

254 4550 397 4628 domino
407 4551 554 4629 salutem
567 4597 575 4613 ·
589 4551 744 4628 Nouerit
753 4553 956 4628 uniuersitae
968 4553 1080 4627 vestra
1092 4577 1151 4626 me
1161 4577 1241 4626 mea
1249 4550 1440 4651 spontanea
1450 4549 1632 4627 voluntate
1642 4553 1754 4628 tradi-

255 4684 336 4763 ttffe
353 4687 474 4762 abbati
490 4702 527 4763 et
543 4685 738 4762 conuentui
755 4685 800 4760 de
818 4685 936 4760 Insula
952 4686 1138 4769 (Ilifl'arum
1154 4683 1347 4787 plenariam
1363 4686 1529 4787 sayliuam
1539 4685 1650 4760 totius
1661 4699 1752 4760 terro
