4450 6034
764 579 843 656 DE
870 579 1270 658 INOHAFFERY.
1725 591 1771 659 41

260 809 383 912 geliste
403 810 450 886 de
474 810 679 913 lnehnffryn
702 827 740 888 et
764 812 943 889 canonicis
968 813 1100 888 ibidem
1126 815 1194 890 deo
1220 812 1453 888 seruientibus
1476 827 1512 888 et
1532 811 1711 888 semitmis
1736 815 1773 888 in

261 969 390 1042 puram
415 957 453 1020 et
474 957 684 1045 perpetuam
706 942 923 1021 elimosinam
947 958 1062 1020 totam
1085 943 1182 1019 illam
1203 958 1425 1043 terramque
1449 971 1507 1020 me
1528 945 1704 1046 contingit
1727 946 1772 1020 de

261 1089 356 1150 terra
374 1072 552 1150 Johannis
575 1073 637 1174 filij
664 1073 791 1148 Dauid
815 1100 886 1173 que
910 1075 1057 1174 quidem
1082 1093 1177 1150 terra
1195 1076 1295 1176 jaret
1314 1076 1408 1152 inter
1433 1089 1566 1152 terram
1591 1077 1771 1176 quondam

260 1206 386 1281 Dauid
402 1205 463 1309 filij
483 1206 638 1285 Galsridi
653 1221 691 1284 et
706 1220 839 1284 terram
855 1207 994 1283 abbatis
1014 1223 1052 1284 et
1068 1223 1269 1284 conuentus
1287 1209 1332 1284 de
1360 1207 1479 1285 Seona
1504 1235 1612 1309 quam
1636 1223 1768 1284 terram

259 1337 461 1414 Willelmus
485 1338 579 1413 filius
605 1339 748 1414 Hawok
769 1352 869 1416 tenet
890 1339 937 1414 de
961 1364 1020 1414 me
1045 1351 1083 1413 et
1107 1339 1197 1414 meis
1223 1339 1411 1416 adornatis
1432 1339 1496 1414 fibi
1519 1353 1556 1416 et
1577 1339 1767 1415 heredibus

259 1470 328 1544 suis
345 1470 539 1546 tenendam
555 1484 592 1545 st
606 1469 810 1546 habendam
825 1471 888 1545 sibi
904 1484 942 1547 et
957 1470 1204 1546 sueeefl'oribus
1221 1471 1289 1545 suis
1307 1471 1344 1544 in
1361 1483 1576 1572 perpetuum
1593 1471 1643 1546 ita
1658 1469 1768 1546 libere

259 1616 296 1676 et
322 1601 443 1700 quiete
468 1603 555 1675 sieut
580 1599 724 1700 aliquod
750 1600 962 1701 burgagium
988 1601 1026 1675 in
1054 1600 1137 1676 villa
1163 1601 1208 1676 de
1237 1601 1350 1676 Perth
1372 1600 1516 1676 liberius
1540 1601 1697 1700 qniecius
1723 1603 1767 1676 ab

259 1733 376 1835 aliquo
418 1750 560 1810 tenetur
595 1733 652 1810 vel
684 1735 876 1835 possidetur
907 1733 1002 1808 salua
1040 1735 1279 1810 conuentione
1313 1735 1462 1835 predidti
1497 1733 1668 1808 Willelmi
1702 1734 1764 1833 filij

260 1866 424 1942 Hawoeh
440 1866 487 1942 de
503 1865 684 1942 sexdecim
699 1864 816 1940 solidis
832 1866 878 1940 de
894 1865 1052 1966 predidla
1067 1879 1163 1941 terra
1184 1865 1273 1940 mihi
1295 1880 1332 1941 et
1354 1866 1543 1942 attornatis
1565 1865 1654 1941 meis
1672 1865 1767 1940 dese
1787 1893 1790 1901 ·

258 2014 296 2074 et
319 1998 512 2076 heredibus
535 1999 605 2074 suis
626 1998 813 2074 annuatim
834 1997 1028 2072 reddendis
1052 2011 1090 2074 et
1112 1997 1208 2073 saluo
1233 1997 1378 2074 senrieio
1398 1999 1537 2074 domini
1563 1998 1656 2098 regis
1684 2041 1692 2056 ·
1720 1997 1767 2072 In

259 2132 362 2232 enjus
380 2131 434 2206 rei
455 2130 694 2207 testimonium
714 2130 798 2205 huie
816 2130 945 2231 scripto
962 2128 1114 2230 sigillum
1130 2154 1251 2204 meum
1268 2155 1339 2206 vna
1355 2156 1438 2205 eum
1454 2129 1565 2231 figillo
1583 2129 1766 2209 communi

259 2265 304 2339 de
320 2264 433 2341 Perth
447 2264 581 2365 apponi
597 2263 664 2338 feci
682 2303 691 2322 ·
710 2262 794 2338 Hiis
810 2262 956 2339 testibus
969 2262 1133 2362 magistro
1151 2261 1311 2338 Roberto
1327 2262 1373 2339 de
1386 2259 1581 2364 Layeistria
1596 2305 1605 2322 ·
1619 2262 1765 2338 domino

259 2397 420 2474 Henrieo
430 2395 504 2472 filio
518 2395 671 2474 Galsridi
690 2435 701 2458 ο
717 2395 862 2471 domino
875 2395 1044 2472 Johanne
1056 2395 1103 2470 de
1115 2393 1257 2470 Batnlia
1269 2434 1279 2456 ·
1292 2396 1318 2472 J
1319 2395 1459 2472 ohanne
1475 2395 1605 2496 Sokyn
1618 2435 1627 2456 ·
1641 2393 1766 2472 Dauid

258 2527 342 2631 Yep
365 2570 377 2592 ·
401 2526 564 2606 Galsrido
581 2528 627 2604 de
643 2527 725 2604 Len
744 2567 755 2587 ·
781 2526 941 2602 Henrico
958 2527 1004 2603 de
1022 2525 1182 2603 Bedford
1198 2541 1234 2604 et
1251 2526 1329 2628 alijs
1355 2571 1363 2590 ·
1388 2528 1521 2602 Attum
1537 2525 1636 2628 apnd
1654 2525 1766 2604 Parth

258 2664 316 2739 dis
343 2661 470 2740 Sebeti
494 2661 610 2764 primo
638 2662 717 2762 poll
740 2659 868 2736 sellum
891 2659 999 2736 santi
1025 2659 1193 2736 Nieholai
1219 2687 1313 2737 anno
1338 2661 1452 2764 gratie
1478 2659 1660 2738 millesimo
1688 2668 1766 2734 ee'no

258 2795 527 2898 quadragesimo
545 2833 556 2858 ·

260 3166 485 3293 Compositio
501 3191 595 3266 inter
612 3187 800 3264 eanonieos
816 3200 854 3262 et
870 3182 1070 3260 Walternm
1085 3185 1253 3287 pistorem
1269 3186 1315 3264 de
1332 3201 1427 3266 terra
1443 3189 1480 3263 in
1498 3187 1609 3266 Perth
1627 3229 1637 3252 ·

197 3479 243 3550 43
262 3432 454 3534 Omnibus
480 3455 611 3535 Christi
635 3452 799 3530 fidelibus
820 3454 962 3553 presens
981 3454 1150 3552 seriptum
1170 3451 1294 3526 visuris
1311 3450 1368 3527 vel
1388 3452 1561 3528 audituris
1584 3452 1767 3534 Walterus

257 3595 366 3695 pistor
381 3591 427 3668 de
444 3589 557 3666 Perth
579 3605 615 3664 et
638 3588 776 3688 Hawys
793 3585 916 3687 sponsa
931 3586 992 3660 sua
1008 3584 1081 3660 lilia
1097 3599 1135 3661 et
1157 3585 1260 3662 heres
1277 3585 1461 3686 quondam
1479 3585 1520 3661 N
1520 3586 1647 3662 icholsi
1664 3589 1765 3690 Pape
1803 3602 1820 3650 ὲ

257 3727 438 3828 burgensis
455 3726 501 3800 de
518 3723 629 3800 Perth
645 3721 792 3798 salutem
807 3735 968 3796 eternam
984 3720 1023 3794 in
1039 3719 1185 3794 domino
1212 3759 1221 3780 ·
1248 3717 1404 3794 Nouerit
1425 3720 1630 3798 vniuerlitas
1652 3725 1765 3800 vestra

258 3860 355 3962 qnod
370 3886 454 3934 eum
469 3857 563 3934 inter
583 3856 677 3932 viros
696 3854 871 3955 religiosos
891 3853 1057 3928 abbatem
1076 3867 1114 3928 et
1134 3865 1353 3928 conuentum
1373 3851 1419 3927 de
1437 3852 1557 3929 Insula
1577 3855 1763 3938 &lisanum

259 4023 306 4071 er
328 4009 431 4097 parte
452 4017 524 4067 vna
544 4006 659 4068 etms
679 4004 717 4065 et
736 3989 896 4087 sponsam
918 4013 1036 4061 meam
1060 3986 1256 4087 predidlam
1280 4012 1325 4062 ex
1350 3985 1462 4062 altera
1483 3986 1587 4089 super
1607 3993 1775 4090 quadam'

259 4143 434 4226 terraque
447 4125 518 4200 suit
533 4123 714 4225 quondam
730 4121 879 4220 prodisti
895 4118 1063 4196 Nieholai
1079 4118 1179 4221 Papo
1196 4145 1265 4219 que
1282 4120 1426 4219 quidem
1445 4134 1540 4195 terra
1551 4125 1649 4220 jacet
1670 4125 1761 4202 inter

259 4279 390 4338 terram
408 4257 560 4336 Galfridi
576 4255 659 4331 dieti
669 4254 787 4330 fratris
804 4253 980 4329 Johannis
997 4253 1124 4328 decani
1141 4278 1186 4328 ex
1197 4277 1269 4326 vna
1280 4267 1382 4352 parte
1395 4267 1432 4328 et
1445 4267 1576 4330 terram
1589 4255 1761 4334 Duncani
1818 4329 1822 4338 ,

259 4391 341 4468 nsi
362 4391 408 4467 de
431 4389 569 4466 Oellsre
585 4413 693 4488 quam
709 4387 756 4462 de
776 4384 877 4461 disis
896 4383 1061 4484 religiosis
1078 4383 1126 4460 sd
1141 4384 1282 4458 firmam
1298 4397 1397 4458 tenet
1413 4410 1459 4459 ex
1474 4385 1584 4462 altera
1600 4387 1638 4461 in
1654 4389 1760 4490 plena
1899 4433 1908 4450 ·

260 4525 358 4598 euria
372 4523 419 4598 de
435 4521 547 4597 Parth
564 4545 683 4597 eoram
698 4515 891 4594 venerabili
906 4531 1011 4616 patre
1026 4515 1172 4590 domino
1193 4514 1353 4591 Roberto
1374 4516 1433 4592 dei
1456 4518 1572 4619 gratia
1596 4521 1757 4624 episeopo

258 4627 501 4732 Dnnblnnensi
518 4653 663 4730 domino
679 4649 858 4726 Willelmo
875 4649 920 4724 ds
936 4648 1105 4731 &lemnia
1121 4647 1232 4722 milite
1249 4663 1284 4722 et
1307 4649 1415 4723 etiam
1432 4647 1570 4725 balliuis
1587 4651 1631 4726 de
1645 4653 1756 4730 Parth

1473 4808 1495 4856 11
