4450 6034
461 599 510 672 60
1033 589 1391 668 REGISTRUM

462 822 508 897 de
519 819 736 921 Kyntnebyr
752 821 877 894 mansit
894 845 937 894 eo
953 819 1026 919 ipso
1042 844 1115 919 qno
1131 817 1224 894 banc
1241 831 1378 894 cartam
1393 845 1512 894 meam
1530 819 1580 894 eis
1597 818 1683 895 dedi
1699 845 1782 894 eum
1800 845 1885 894 aera
1901 845 1971 918 que

462 954 617 1056 pertinet
628 954 675 1027 nd
686 953 782 1028 idem
795 951 924 1028 tostum
936 965 1096 1052 tempore
1105 951 1263 1052 prediblo
1273 966 1310 1027 et
1320 977 1402 1026 eum
1413 951 1562 1052 edificijs
1573 979 1643 1051 que
1653 965 1741 1028 tune
1752 967 1856 1028 erant
1867 953 1971 1051 super

462 1085 559 1160 idem
575 1086 705 1159 tostum
726 1100 763 1160 et
782 1085 913 1159 tostum
929 1097 966 1159 et
985 1099 1205 1182 terramque
1224 1096 1312 1158 tune
1332 1087 1524 1183 jacuerunt
1547 1085 1641 1159 inter
1657 1086 1806 1160 domum
1823 1085 1971 1159 Rieardi

463 1230 500 1294 et
516 1218 663 1291 domum
678 1215 880 1300 Glalsnaeht
901 1230 939 1292 et
961 1215 1058 1290 illam
1079 1231 1211 1290 terram
1232 1242 1339 1315 quam
1356 1216 1480 1292 addidi
1497 1216 1548 1291 eis
1565 1215 1648 1291 alibi
1666 1218 1704 1290 in
1720 1243 1807 1318 agro
1823 1218 1872 1292 ad
1887 1245 1970 1318 per-

463 1350 656 1425 ficiendum
676 1351 852 1449 prediGlas
874 1364 1028 1450 quatuor
1050 1375 1188 1424 mareas
1210 1347 1349 1450 [aaran]
1370 1363 1407 1425 et
1426 1351 1606 1450 pasturam
1631 1350 1759 1451 viginti
1782 1375 1970 1458 vaemmm

464 1496 501 1556 et
526 1483 707 1582 sexaginta
731 1483 853 1557 ouium
877 1499 914 1558 et
939 1482 1089 1556 duorum
1117 1507 1291 1581 equorum
1315 1508 1398 1555 eum
1425 1482 1590 1556 omnibus
1615 1482 1695 1585 alijs
1720 1486 1969 1559 eommunibus

464 1613 686 1714 aysiamentis
711 1614 959 1715 prenominata
982 1612 1065 1688 ville
1089 1612 1285 1714 Dolpatrilr
1314 1656 1322 1671 ·
1349 1612 1527 1687 Tenenda
1548 1614 1611 1687 fibi
1634 1628 1672 1689 et
1696 1616 1901 1714 possidenda
1923 1618 1969 1691 de

465 1771 523 1820 me
548 1760 586 1822 et
609 1744 799 1824 heredibus
823 1747 912 1822 meis
936 1744 1094 1846 plenarie
1120 1759 1157 1821 et
1180 1745 1374 1820 honorifice
1400 1759 1437 1818 et
1461 1743 1572 1820 libere
1598 1761 1635 1820 et
1660 1747 1782 1845 quiete
1805 1750 1851 1822 ab
1874 1750 1970 1824 omni

466 1881 646 1956 exattione
668 1897 705 1956 et
727 1881 871 1957 semieio
893 1878 1038 1954 seculari
1054 1904 1122 1979 ego
1138 1904 1223 1954 vero
1240 1877 1444 1954 etheredus
1461 1879 1531 1952 mei
1555 1879 1729 1978 prefatam
1747 1879 1969 1956 elemosinam

466 2012 630 2114 prodistis
653 2013 775 2088 abbati
803 2027 840 2090 et
869 2012 1064 2088 conuentui
1090 2025 1216 2086 eontra
1241 2036 1365 2085 omnes
1389 2009 1554 2086 homines
1578 2013 1910 2090 warantizabimus
1935 2027 1971 2090 et

468 2161 584 2222 totum
606 2146 815 2222 forinsecum
837 2146 1023 2220 seruieium
1045 2143 1142 2244 qued
1162 2142 1210 2218 ad
1229 2147 1306 2242 jam
1330 2143 1422 2218 dieta
1442 2145 1655 2245 pertinuerit
1674 2172 1741 2247 pro
1761 2147 1812 2222 eis
1834 2148 1874 2222 in
1894 2175 1970 2248 per-

466 2295 617 2381 petuam
633 2279 913 2379 acquietabimus
931 2321 940 2339 ·
959 2279 1043 2378 Hijs
1059 2278 1208 2352 testibus
1224 2276 1369 2352 domino
1388 2319 1396 2336 ·
1415 2278 1451 2350 R
1478 2317 1488 2337 ·
1514 2277 1644 2354 comite
1661 2280 1707 2354 de
1726 2278 1942 2383 Stratheryn
1961 2327 1969 2341 ·

467 2413 615 2488 domino
631 2413 662 2485 ff
676 2454 684 2471 ·
701 2411 811 2486 fratre
827 2411 932 2511 ipsius
951 2453 960 2468 ·
978 2409 1124 2484 domino
1142 2409 1178 2482 R
1196 2449 1205 2468 ·
1229 2409 1275 2484 de
1292 2409 1463 2486 Louetoft
1481 2452 1490 2469 ·
1512 2409 1669 2510 predisla
1686 2411 1832 2488 domina
1851 2413 1973 2490 Solius

466 2572 577 2621 vxore
601 2571 683 2620 mea
710 2584 719 2605 ·
748 2544 915 2645 Philippo
931 2558 969 2620 et
986 2543 1148 2617 Roberto
1164 2541 1246 2642 filijs
1261 2543 1379 2618 meis·
1406 2543 1568 2643 magistro
1587 2545 1618 2621 O
1646 2585 1656 2605 ·
1682 2543 1810 2621 clerieo
1827 2548 1973 2648 predisli

469 2677 607 2754 comitis
626 2720 635 2736 ·
653 2676 685 2749 B
705 2719 714 2735 ·
737 2676 783 2750 de
798 2674 940 2778 Dunyn
964 2716 973 2737 ·
996 2674 1159 2778 magistro
1177 2674 1216 2748 H
1242 2717 1251 2734 ·
1274 2672 1348 2750 filio
1366 2674 1549 2750 Trestram
1568 2719 1577 2735 ·
1596 2675 1776 2752 Traslram
1793 2679 1839 2753 de
1857 2679 1974 2784 Gorty

470 2826 507 2887 et
523 2810 646 2885 multis
662 2809 766 2910 alijs·

476 3187 599 3288 Carta
615 3213 660 3288 de
678 3210 856 3312 Petlandy
872 3237 938 3312 pro
955 3223 1108 3312 quatuor
1125 3209 1214 3283 acris
1232 3249 1240 3268 ·

409 3491 458 3560 62
478 3449 673 3551 Omnibus
689 3475 803 3550 sanae
825 3473 947 3558 matris
969 3474 1112 3550 ecclesie
1132 3471 1215 3572 filijs
1238 3471 1381 3572 presens
1398 3471 1567 3569 scriptum
1588 3472 1712 3548 visuris
1728 3473 1786 3549 vel
1808 3476 1981 3550 audituris

474 3609 593 3684 Lucae
620 3608 713 3682 filius
743 3607 907 3709 Tebaldy
930 3605 993 3706 filij
1020 3603 1190 3680 Willelmi
1220 3617 1381 3679 eternam
1405 3603 1443 3677 in
1467 3604 1614 3680 domino
1639 3604 1784 3682 salutem
1812 3649 1821 3668 ·
1855 3609 1979 3684 Sciant

477 3768 600 3816 omnes
622 3757 698 3816 tam
719 3727 896 3840 presentes
918 3765 1024 3838 quam
1043 3738 1156 3812 firturi
1177 3763 1236 3812 me
1259 3736 1415 3811 caritatis
1438 3735 1572 3812 intuitu
1595 3753 1631 3813 et
1654 3764 1719 3840 pro
1736 3739 1845 3816 salute
1862 3743 1978 3817 anime

478 3900 557 3950 mee
574 3888 611 3949 et
628 3873 883 3950 antecessorum
904 3898 1067 3947 meorum
1087 3885 1124 3945 et
1147 3869 1375 3946 suceessorum
1394 3867 1526 3944 dedisse
1547 3871 1743 3948 coneesllffe
1760 3886 1796 3948 et
1812 3872 1880 3948 hac
1905 3901 1981 3976 pre-

479 4008 568 4083 senti
584 4022 682 4082 earta
697 4033 776 4081 mea
790 4004 1010 4080 confirmasse
1026 4004 1095 4078 deo
1111 4019 1148 4078 et
1165 4004 1267 4077 beate
1283 4001 1401 4084 marie
1418 4013 1455 4078 et
1470 4002 1575 4078 beato
1597 4003 1621 4078 J
1622 4003 1756 4078 ohanni
1772 4007 1930 4106 apostolo
1946 4025 1981 4081 et

480 4140 694 4242 euangelista
715 4154 752 4216 et
775 4138 894 4214 abbati
916 4152 953 4213 et
969 4135 1166 4213 conuentui
1183 4137 1228 4211 de
1253 4133 1372 4210 Insula
1387 4135 1572 4218 oeiffarum
1593 4150 1630 4211 et
1650 4135 1820 4212 luminari
1840 4143 1982 4240 majoris

481 4275 600 4352 altaris
625 4273 739 4349 sauble
764 4272 881 4357 &laria
903 4272 1060 4372 ejusdem
1085 4269 1226 4346 ecclesie
1252 4270 1289 4342 in
1314 4295 1442 4370 puram
1467 4282 1504 4344 et
1526 4284 1735 4370 perpetuam
1760 4270 1982 4348 elemosinam

483 4426 596 4486 totam
613 4409 710 4484 illam
732 4407 940 4510 perticulam
961 4421 1055 4482 terre
1072 4405 1108 4478 in
1130 4419 1229 4480 terra
1243 4429 1326 4478 mea
1341 4403 1387 4477 de
1405 4402 1582 4504 Petlandy
1600 4430 1670 4503 que
1690 4407 1788 4504 jacet
1808 4405 1901 4481 inter
1916 4421 1984 4481 ter·

484 4570 560 4619 ram
577 4569 685 4643 quam
700 4556 803 4642 pater
817 4565 918 4614 meus
934 4552 971 4614 et
987 4563 1053 4638 ego
1066 4537 1167 4613 dietis
1184 4535 1304 4610 abbati
1320 4549 1357 4610 et
1368 4535 1561 4610 conuentui
1575 4535 1759 4612 caritatiue
1771 4537 1985 4614 contulimus

486 4680 524 4754 in
542 4693 635 4754 terra
656 4701 726 4777 que
741 4689 887 4750 meatur
908 4670 1111 4748 Fleebirslat
1129 4684 1166 4746 et
1182 4670 1276 4744 viam
1292 4695 1458 4770 magnam
1480 4694 1550 4768 que
1565 4669 1664 4745 vadit
1686 4683 1723 4745 et
1740 4671 1856 4746 tendit
1868 4673 1990 4746 ¹versus
