4450 6034
863 598 927 663 DE
955 598 1289 666 INOHAFFERY.
1765 605 1826 669 131

292 784 470 855 bullarum
500 794 585 860 ordei
613 800 777 867 annuatim
805 800 930 867 levandi
960 801 999 867 de
1030 802 1122 869 teriia
1151 803 1192 869 de
1221 805 1481 872 Tullechandieh.
1524 808 1613 873 Data
1651 808 1737 892 apud
1764 809 1829 873 Ald

293 902 471 977 Montrois
487 912 529 977 22
544 914 739 1002 Septembris
753 921 833 986 al).
851 922 945 988 1588.

220 1259 270 1325 37
290 1262 487 1357 Diecharge
515 1275 558 1362 by
586 1276 641 1343 the
670 1279 738 1345 said
765 1281 876 1347 Andro
906 1283 1046 1350 Graham
1076 1294 1108 1350 tn
1134 1274 1318 1352 Alexander
1348 1288 1479 1372 Murray
1505 1286 1544 1351 of
1569 1283 1716 1349 Wodend
1745 1282 1826 1347 from

291 1402 461 1473 payment
480 1392 519 1457 oi
533 1395 588 1463 the
607 1399 707 1466 above
727 1401 846 1468 annual
863 1405 1031 1470 redeemed
1050 1405 1092 1492 by
1107 1405 1163 1471 the
1178 1427 1294 1471 aowme
1312 1405 1350 1470 os
1364 1404 1436 1492 fisty
1451 1404 1572 1470 markis
1593 1425 1709 1490 money
1724 1402 1828 1469 nauali

291 1504 336 1569 of
348 1506 420 1575 thie
434 1512 562 1580 realme.
607 1516 738 1585 Perth9
753 1522 883 1589 Memhe
896 1524 977 1589 al).
995 1527 1090 1592 1594„

216 1865 269 1929 38
291 1868 403 1937 Carta
422 1894 494 1939 cum
518 1890 671 1965 preeepto
690 1880 793 1947 sanine
817 1884 857 1949 ab
872 1884 1055 1950 Alexandro
1078 1886 1211 1972 Murray
1231 1884 1271 1950 de
1293 1881 1437 1948 Wodend
1457 1880 1597 1947 Patricio
1620 1881 1752 1964 Murray
1767 1899 1827 1943 eun

288 1987 369 2055 filio
396 1992 608 2082 primogenito
630 2021 668 2066 ac
689 2001 810 2087 Egedie
832 2003 962 2091 Murray
984 2002 1049 2070 filie
1070 2003 1229 2071 Johannia
1251 2004 1383 2090 Murray
1408 2002 1449 2067 de
1475 1998 1691 2066 Tibbermwre
1717 1997 1825 2062 future

287 2130 419 2195 eponae
440 2114 519 2181 dieti
538 2118 667 2205 Patrieij
682 2120 770 2186 saeta
789 2142 846 2207 pro
867 2120 1050 2209 impletione
1070 2146 1129 2191 sue
1151 2123 1252 2211 partis
1272 2121 1438 2189 cuiusdam
1459 2126 1642 2187 contractus
1663 2115 1826 2184 matn'mo-

286 2229 397 2298 nialis
412 2256 509 2322 super
523 2238 657 2323 triginta
674 2238 818 2307 solidatis
833 2252 987 2309 terrarum
1006 2266 1107 2332 prope
1124 2245 1222 2310 finem
1240 2242 1321 2309 silue
1336 2241 1377 2307 de
1396 2239 1562 2306 Incheviot
1579 2260 1621 2304 ex
1635 2236 1826 2303 occidentali

286 2362 393 2434 parte
407 2354 550 2421 eiusdem
566 2357 663 2444 vulgo
683 2358 777 2426 dietis
791 2361 937 2428 Wodend
956 2362 1044 2451 petia
1058 2371 1143 2429 tane
1158 2372 1272 2429 noenta
1289 2360 1333 2427 lie
1347 2360 1440 2427 Rene
1459 2357 1566 2425 inatile
1579 2368 1692 2425 noenta
1710 2357 1823 2423 Braid·

287 2465 395 2535 inehe
409 2494 483 2538 cum
497 2476 657 2543 menesiis
670 2478 814 2545 eiusdem
829 2480 916 2567 petia
930 2480 1007 2549 silve
1022 2504 1063 2549 ex
1078 2492 1171 2569 parte
1185 2480 1318 2547 australi
1332 2479 1418 2547 dicte
1434 2477 1477 2545 lie
1495 2478 1686 2545 Braidinehe
1699 2478 1824 2544 iacente

288 2586 382 2655 silva
401 2591 442 2657 de
469 2594 635 2663 lneheviot
660 2597 816 2687 terrisque
842 2600 974 2668 silvariis
1000 2601 1143 2669 eliadam
1168 2600 1256 2688 petia
1276 2609 1360 2666 terre
1383 2609 1495 2665 vocata
1519 2598 1563 2665 lie
1583 2597 1673 2665 Biair
1695 2596 1823 2663 Todhill

290 2707 524 2801 Ineheualayie
538 2738 612 2783 eum
634 2718 677 2785 lie
697 2720 910 2807 Langmedow
924 2732 958 2789 et
979 2722 1021 2789 lie
1035 2721 1149 2787 moesia
1170 2718 1405 2787 Aeeomesauld
1427 2740 1500 2787 cnm
1514 2720 1661 2787 domibus
1675 2731 1710 2786 et
1723 2720 1825 2785 hortis

290 2847 336 2893 ac
352 2850 425 2895 eum
440 2834 590 2902 omnibus
607 2838 738 2907 decimis
759 2841 941 2927 garbalibue
962 2840 1120 2909 dictarum
1142 2850 1297 2907 terrarum
1312 2851 1346 2907 et
1366 2839 1410 2907 lie
1424 2841 1593 2907 Wellerost
1613 2852 1648 2907 et
1666 2840 1708 2907 lie
1725 2863 1823 2928 grene

289 2945 381 3011 eirth
404 2970 530 3017 necnon
557 2976 655 3044 super
675 2960 886 3027 Windmilhill
908 2961 1120 3049 qnadraginta
1141 2959 1285 3027 solidatis
1307 2971 1463 3025 terrarum
1485 2960 1525 3027 de
1548 2960 1728 3029 Thornihill
1749 2984 1822 3029 eum

291 3076 390 3150 prato
412 3078 447 3135 et
463 3093 553 3139 mora
572 3074 716 3145 eiusdem
739 3080 998 3149 Tulliechandieh
1019 3102 1092 3147 cum
1111 3080 1156 3146 iia
1176 3100 1275 3166 grene
1294 3078 1363 3145 riek
1384 3101 1423 3145 aa
1443 3078 1487 3145 lie
1508 3080 1607 3145 aucht
1626 3080 1726 3167 niggia
1748 3103 1822 3148 eum

291 3186 499 3269 pertinentiis
528 3204 562 3259 et
592 3195 724 3265 decimis
753 3200 935 3285 garbalibue
963 3200 1134 3269 earundem
1163 3210 1329 3267 terrarum.
1384 3199 1470 3265 Data
1494 3200 1581 3285 apud
1606 3200 1751 3266 Wodend
1778 3202 1821 3267 28

291 3303 461 3392 Febmarij
477 3310 559 3377 Δ.Ι).
576 3316 672 3382 1614.
