4450 6034
737 585 816 660 DE
848 583 1246 663 INOHAFFERY.
1702 591 1751 659 53

243 816 427 918 capellano
445 861 454 878 ·
473 819 566 894 Item
583 820 630 895 do
647 833 683 894 et
700 819 855 896 concedo
868 822 1077 921 potestatem
1088 821 1208 894 abbati
1224 819 1270 895 de
1281 818 1399 894 Insula
1409 817 1593 903 (tlifl‘arum
1606 816 1667 918 qui
1683 843 1750 919 pro

245 969 406 1052 tempore
422 951 531 1026 suerit
550 978 632 1026 cum
651 950 855 1053 capellanus
871 949 996 1051 aliquis
1013 951 1075 1052 qui
1091 951 1223 1026 ibidem
1240 950 1472 1027 celebrauerit
1488 949 1611 1024 diuina
1626 948 1664 1023 in
1681 949 1753 1023 fata

246 1081 390 1156 discedit
406 1081 443 1156 in
463 1082 619 1182 periculo
635 1082 752 1157 anime
768 1083 828 1158 sue
849 1082 959 1156 alium
980 1081 1202 1183 capellanum
1226 1083 1406 1184 ydoneum
1423 1081 1657 1157 constituendi
1674 1106 1752 1182 pre

246 1213 337 1288 dcto
349 1212 428 1288 loeo
438 1216 509 1290 fine
519 1214 636 1315 aliqua
646 1214 921 1290 contradictione
931 1213 1003 1288 mei
1017 1213 1075 1289 vel
1086 1213 1261 1288 heredum
1272 1238 1436 1288 meorum
1449 1256 1457 1273 ·
1477 1212 1517 1288 Si
1531 1227 1651 1288 autem
1669 1239 1750 1287 eon-

247 1346 361 1446 tingat
377 1347 507 1422 merel
523 1347 672 1422 heredes
689 1373 788 1422 meos
805 1345 923 1445 aliquo
940 1346 1022 1421 casn
1038 1345 1136 1445 quod
1158 1346 1244 1421 absit
1266 1358 1391 1420 contre
1409 1345 1503 1420 banc
1519 1345 1750 1420 donationem

247 1493 282 1553 et
310 1480 562 1554 concessionem
584 1477 705 1553 venire
732 1477 861 1553 subicio
886 1503 945 1552 me
969 1492 1006 1552 et
1029 1476 1181 1553 heredes
1209 1503 1307 1552 meos
1337 1477 1575 1553 interdictioni
1600 1476 1753 1579 episcopi

249 1609 510 1686 Dunblanensis
519 1610 580 1709 qui
596 1635 662 1712 pro
679 1624 838 1710 tempore
850 1609 958 1684 luerit
974 1609 1188 1684 renuncians
1202 1610 1298 1684 omni
1311 1609 1539 1712 appellationi
1552 1612 1754 1713 exceptioni

248 1743 462 1820 cauillationi
485 1757 522 1818 et
543 1743 641 1818 omni
660 1743 754 1844 juris
775 1743 933 1818 remedio
956 1742 1117 1818 canonici
1142 1757 1178 1817 et
1203 1741 1315 1818 ciuilis
1340 1757 1378 1818 vt
1400 1744 1556 1846 ipseper
1578 1745 1752 1818 sensuram

249 1874 508 1950 ecelesiasticam
537 1876 585 1949 ad
612 1875 808 1974 prodiciam
841 1874 1069 1950 donationem
1096 1889 1132 1949 et
1166 1877 1418 1950 concellloucm
1451 1874 1604 1950 fideliter
1630 1877 1752 1976 inper-

249 2023 399 2108 petuum
423 2005 648 2108 obligandam
673 2032 732 2082 me
757 2020 794 2082 et
819 2006 968 2082 heredes
992 2032 1092 2082 meos
1116 2008 1161 2082 de
1185 2007 1241 2081 dic
1263 2007 1301 2081 in
1327 2009 1421 2082 diem
1447 2005 1637 2108 compellat
1664 2048 1673 2067 ·
1701 2007 1753 2080 Vt

251 2151 370 2214 autem
386 2138 452 2213 hec
468 2164 551 2213 mea
567 2137 712 2213 donatio
729 2150 767 2214 ct
784 2139 952 2213 concessio
972 2151 1147 2239 perpetue
1170 2138 1346 2214 firmitatis
1362 2139 1474 2213 robur
1491 2138 1649 2213 obtineat
1669 2164 1755 2238 pre-

251 2272 327 2346 sens
342 2271 510 2371 scriptum
525 2268 626 2370 sigilli
641 2269 713 2346 mei
728 2269 926 2345 munimine
943 2271 1110 2346 roboraui
1129 2315 1137 2331 ·
1157 2270 1319 2346 Testibus
1336 2271 1481 2346 domino
1499 2309 1508 2330 ·
1528 2270 1565 2345 A
1592 2311 1601 2330 ·
1628 2272 1755 2346 abbate

252 2402 297 2476 de
321 2401 441 2476 Insula
455 2401 641 2484 misianum
668 2444 677 2461 ·
704 2402 847 2477 domino
874 2401 1038 2478 Gilberto
1062 2403 1108 2478 de
1135 2402 1297 2478 Ruthsen
1322 2442 1331 2463 ·
1360 2400 1505 2485 malicie
1530 2401 1602 2476 lilio
1619 2402 1756 2477 comitis

250 2534 416 2618 militibus
443 2579 452 2595 ·
478 2536 623 2611 domino
638 2534 815 2610 Nicholae
831 2537 980 2636 persona
995 2537 1041 2612 de
1059 2535 1167 2612 Oresa
1192 2577 1202 2597 ·
1229 2534 1409 2612 Willelmo
1432 2537 1478 2612 de
1494 2535 1652 2612 Rotbsen
1669 2551 1756 2611 tunc

249 2668 443 2746 camerario
460 2695 540 2744 meo
556 2683 594 2744 et
609 2668 742 2744 multiie
759 2668 838 2769 alijs
855 2709 866 2728 ·

255 3039 501 3144 Confirmatio
523 3085 618 3145 terre
641 3071 829 3154 oeulrrand
851 3083 888 3145 et
904 3071 1007 3146 vuius
1023 3097 1143 3147 marce
1160 3069 1343 3173 capellano
1360 3069 1553 3148 celebranti
1570 3071 1606 3146 in
1625 3071 1756 3147 elemo-

251 3201 378 3275 sinario
395 3241 406 3264 ο

192 3475 238 3546 68
257 3440 449 3543 Omnibus
467 3451 598 3545 Christi
617 3468 781 3545 fidelibus
798 3469 847 3544 ed
869 3495 958 3568 quos
978 3469 1081 3545 litere
1103 3473 1281 3572 presentes
1303 3469 1537 3571 peruenerint
1554 3467 1695 3543 Bricius
1712 3469 1758 3544 de

254 3598 469 3678 Ardrofi‘ane
480 3614 641 3675 eternam
653 3601 691 3674 in
702 3601 846 3677 domino
862 3600 1011 3677 salutem
1030 3644 1039 3661 ·
1056 3602 1213 3678 Nouerit
1229 3602 1433 3677 vniuerfitaa
1449 3602 1562 3676 vestra
1577 3615 1759 3676 moratam

255 3743 291 3808 et
306 3731 448 3806 sirmam
469 3758 512 3806 ac
532 3731 690 3808 stabilem
714 3745 888 3832 quantum
904 3733 952 3807 ad
970 3759 1026 3808 me
1043 3733 1199 3833 pertinet
1215 3731 1371 3807 habuisse
1388 3731 1611 3808 collationem
1624 3733 1759 3808 domini

198 3861 203 3870 ’
254 3861 380 3963 watfij
398 3865 491 3938 bone
507 3864 677 3938 memorie
694 3864 873 3963 quondam
890 3864 1028 3938 comitis
1045 3864 1090 3938 de
1109 3862 1328 3966 Stratheryn
1351 3865 1478 3940 fastam
1504 3864 1588 3940 Deo
1605 3881 1641 3940 et
1657 3867 1759 3941 beate

254 3993 371 4074 (llario
395 4009 432 4070 et
454 3995 594 4070 cuidam
612 3995 794 4097 capellano
809 3995 1002 4070 celebranti
1019 3993 1142 4066 diuina
1161 3991 1199 4065 in
1219 3991 1457 4068 elemosinario
1475 3995 1520 4070 de
1538 3993 1656 4070 Insula
1671 3995 1760 4078 ‹Ilis-

254 4127 367 4200 sarum
385 4152 452 4227 pro
468 4126 653 4201 animabus
670 4127 755 4202 dicti
772 4128 914 4202 comitis
931 4141 967 4202 et
983 4129 1125 4201 suorum
1142 4126 1394 4200 antecessorum
1413 4141 1449 4200 et
1465 4151 1530 4224 pro
1546 4127 1666 4201 anima
1683 4153 1762 4202 mea

255 4274 290 4332 et
308 4257 469 4331 omniurn
485 4257 648 4333 fidelium
665 4258 911 4333 defunctorum
928 4258 973 4332 de
990 4271 1143 4358 quatuor
1160 4255 1289 4330 marcis
1302 4255 1550 4357 sterlingorum
1566 4258 1762 4359 percipien-

255 4389 310 4462 dis
332 4387 477 4488 fingulis
501 4389 606 4464 anuis
629 4389 675 4464 de
697 4390 802 4464 firma
824 4405 918 4465 terre
941 4390 988 4464 de
1011 4387 1210 4473 (llukracht
1235 4388 1485 4489 inperpetuum
1511 4389 1549 4462 in
1575 4416 1702 4490 puram
1727 4405 1763 4462 et

256 4534 468 4621 perpetuam
496 4521 719 4598 elemosinam
741 4533 849 4623 prout
876 4523 914 4596 in
941 4537 1038 4598 carta
1064 4522 1147 4596 dicti
1176 4521 1314 4596 comitis
1338 4521 1422 4596 inde
1445 4521 1601 4596 confessa
1623 4521 1762 4623 plenius

256 4652 458 4726 continetur
474 4669 510 4728 et
527 4653 610 4753 quia
625 4653 805 4754 predistus
822 4679 941 4729 eomes
958 4668 1089 4729 terram
1105 4655 1151 4728 de
1169 4651 1308 4727 Tulaeh
1322 4679 1427 4751 quam
1446 4652 1563 4726 eidem
1581 4651 1762 4752 capellano
