4450 6034
768 495 847 569 DE
880 492 1280 571 INGHAFFERY.
1730 503 1779 577 63

267 727 397 804 mentis
419 725 633 803 omnimodis
657 725 750 801 infra
770 723 893 800 villum
916 738 954 801 et
978 737 1080 800 extra
1103 738 1213 825 prout
1236 723 1382 800 liberius
1403 737 1440 798 et
1464 724 1624 824 quiecins
1647 725 1774 827 aliquis

266 859 367 934 miles
378 858 535 959 aliquam
547 858 772 934 elemosinam
783 857 822 930 in
836 870 912 933 toto
922 882 1033 957 regno
1049 855 1169 931 Scotie
1182 855 1267 930 dare
1279 854 1336 930 vel
1348 855 1543 930 concedere
1555 859 1656 956 poffit
1670 901 1679 918 ·
1693 858 1775 958 Ego

265 1017 349 1067 vero
366 992 480 1067 distns
498 1031 508 1051 ·
525 993 570 1074 α)
587 1030 598 1052 ·
615 989 718 1064 miles
734 1003 772 1064 ct
787 988 937 1064 heredes
948 988 1019 1062 mei
1030 987 1124 1062 hanc
1140 986 1365 1062 elemosinam
1380 986 1546 1086 predictis
1558 986 1725 1088 religiosis
1739 1005 1775 1065 et

265 1149 389 1198 eorum
404 1121 650 1198 succefforibus
666 1119 831 1197 collatam
846 1133 971 1194 contra
987 1144 1111 1193 omnes
1128 1117 1289 1193 homines
1302 1131 1338 1194 et
1350 1118 1500 1192 seminas
1512 1117 1549 1193 in
1561 1135 1773 1221 perpetuum

263 1254 575 1330 warantizabimus
599 1251 818 1354 protigemns
848 1264 885 1326 et
912 1249 1146 1324 defendemus
1171 1263 1278 1349 atque
1307 1247 1455 1324 liberam
1484 1262 1521 1324 ot
1546 1249 1702 1350 quietam
1728 1253 1773 1326 ab

263 1386 361 1462 omni
390 1410 498 1460 onere
528 1383 710 1459 exustione
739 1396 776 1458 et
801 1381 979 1456 demanda
1007 1378 1152 1454 seculari
1181 1393 1217 1454 et
1249 1379 1395 1455 seruicio
1428 1379 1571 1480 penitus
1604 1379 1772 1457 faciemus

265 1531 301 1590 et
329 1515 592 1591 obseruabimus
622 1556 632 1576 ·
665 1515 709 1588 In
739 1513 841 1612 cujus
870 1511 922 1586 rei
946 1509 1186 1585 tessimonium
1215 1509 1298 1584 huic
1324 1509 1452 1610 scripto
1478 1509 1627 1611 sigillum
1652 1537 1772 1587 meum

265 1646 410 1747 apposui
429 1688 438 1704 ·
458 1645 542 1744 Hijs
558 1645 705 1720 testibus
722 1643 867 1718 domino
888 1640 1044 1716 Patricio
1060 1641 1105 1715 de
1125 1639 1287 1715 Grabam
1311 1681 1320 1700 ·
1346 1640 1491 1715 domino
1513 1681 1522 1702 ·
1540 1641 1582 1715 N
1606 1683 1615 1700 ·
1638 1644 1772 1718 restore
1841 1681 1857 1716 ·.

266 1778 404 1855 ecclesie
422 1779 468 1853 de
489 1779 605 1854 Oresio
622 1776 696 1853 silio
712 1803 794 1851 meo
812 1818 821 1836 ·
839 1773 1002 1875 magistro
1019 1773 1162 1848 Thema
1173 1773 1308 1849 decano
1321 1771 1585 1848 Dunblanensis
1602 1771 1742 1852 ecclesie
1761 1819 1770 1835 ·

264 1911 425 2011 magistro
447 1910 602 1987 Ricardo
623 1911 669 1986 de
694 1908 906 2010 Stryuyllyn
928 1908 1087 2009 ejusdem
1106 1904 1247 1981 ecclesie
1268 1905 1439 1983 canonico
1465 1949 1473 1967 ·
1495 1907 1639 1983 domino
1667 1951 1676 1970 ·
1695 1908 1733 1985 G
1761 1953 1769 1969 ·

131 2143 138 2154 Α
263 2044 410 2144 persona
426 2043 472 2118 de
489 2041 625 2142 (lomrqi
653 2084 661 2102 ·
688 2041 834 2115 domino
853 2083 861 2099 ·
880 2039 905 2114 J
932 2081 941 2098 ·
965 2039 1114 2140 persona
1130 2037 1176 2112 de
1193 2037 1384 2139 Buffyddir
1407 2078 1416 2098 ·
1438 2039 1584 2116 domino
1600 2038 1769 2117 Donaldo

261 2177 398 2252 decano
415 2176 461 2250 de
476 2174 630 2258 &letheis
646 2217 658 2234 ·
674 2172 857 2250 Willelmo
874 2171 1001 2248 clerico
1018 2185 1054 2247 et
1071 2169 1194 2246 multis
1211 2169 1312 2270 alijs·

264 2548 387 2652 Carta
403 2573 450 2648 de
464 2571 657 2672 lapidicina
674 2628 684 2648 .

201 2837 246 2912 64
264 2811 459 2913 Omnibus
481 2837 658 2936 presentes
674 2834 795 2910 literae
811 2834 933 2911 visuris
949 2832 1006 2909 vel
1022 2832 1197 2909 audituris
1215 2874 1225 2892 ·
1248 2835 1292 2916 α)
1318 2870 1328 2892 ·
1355 2859 1472 2909 comes
1489 2834 1534 2910 de
1553 2835 1765 2938 Stratheryn

262 2968 408 3045 salutem
424 2969 463 3042 in
480 2967 625 3043 domino
652 3011 661 3028 ·
686 2967 873 3045 Noueritie
893 2992 959 3041 nos
976 2966 1107 3042 dedisse
1123 2981 1161 3041 et
1181 2967 1375 3042 oouoeffifl'e
1391 2981 1429 3043 et
1452 2967 1519 3044 hac
1536 2984 1634 3045 carta
1649 2973 1766 3047 nostre

261 3100 479 3176 confirmasse
502 3125 568 3200 pro
593 3098 695 3174 nobis
717 3112 755 3175 et
776 3098 966 3174 heredibus
988 3098 1112 3172 nostris
1136 3097 1173 3170 in
1198 3123 1324 3199 purum
1348 3113 1384 3174 et
1400 3113 1609 3200 perpetuam
1632 3100 1765 3178 elemo—

260 3234 369 3306 sinam
397 3231 481 3306 Deo
514 3244 552 3306 et
584 3233 689 3306 beate
714 3229 832 3313 oearie
860 3243 898 3304 et
920 3230 1026 3304 beato
1055 3227 1214 3316 Johanni
1242 3227 1397 3326 apostolo
1426 3244 1462 3305 et
1490 3230 1703 3331 euangeliste
1727 3247 1764 3308 et

260 3361 424 3463 religiosis
439 3361 522 3434 viris
546 3362 668 3436 abbati
694 3374 731 3436 et
753 3360 946 3436 conuentni
969 3360 1015 3434 de
1039 3359 1161 3434 Insula
1184 3359 1367 3442 missuum
1393 3359 1548 3436 caritatis
1573 3362 1704 3438 intuitu
1727 3377 1764 3438 et

261 3521 326 3596 pro
341 3494 451 3571 salute
472 3494 590 3569 anime
611 3495 727 3570 nostre
749 3506 787 3568 et
803 3493 1057 3568 anteoefforum
1077 3492 1276 3567 nostrorum
1297 3490 1479 3567 licenciam
1496 3507 1534 3568 et
1555 3497 1761 3593 potestatem

261 3628 511 3728 inperpetuum
544 3625 703 3700 fodiendi
737 3638 776 3700 et
808 3623 948 3699 secandi
981 3623 1117 3724 lapides
1153 3622 1189 3696 in
1223 3623 1414 3724 lapidicina
1448 3626 1564 3700 nostra
1596 3639 1633 3701 et
1668 3641 1763 3703 terra

260 3763 377 3836 nostra
402 3759 448 3834 de
470 3757 687 3858 Nethirgnslr
710 3758 757 3832 ad
779 3757 955 3832 ecclesiam
972 3757 1070 3830 suam
1092 3771 1130 3831 et
1152 3757 1310 3834 officinas
1325 3757 1403 3832 suas
1424 3783 1466 3832 ac
1483 3757 1603 3833 omnia
1624 3761 1763 3838 edificia

259 3892 298 3966 in
314 3892 407 3966 ditio
421 3889 632 3965 monasterio
647 3915 713 3989 pro
724 3886 907 3964 voluntate
919 3888 980 3960 sua
992 3888 1247 3962 construenda·
1263 3888 1501 3965 concessimus
1513 3888 1618 3965 etiam
1633 3890 1763 3968 eisdem

261 4050 325 4125 per
340 4035 454 4099 totam
476 4036 608 4097 terram
633 4021 788 4095 nostram
809 4020 855 4094 de
877 4018 1096 4119 Nothirgau
1117 4018 1269 4095 liberum
1291 4022 1475 4096 transitum
1497 4021 1545 4096 ad
1566 4023 1760 4122 predissam
1888 4005 1893 4016 ’

259 4153 486 4256 lapidicinnm
507 4151 692 4228 introitum
716 4152 756 4225 in
775 4151 927 4226 eandem
952 4165 989 4226 et
1012 4152 1166 4227 liberum
1191 4151 1328 4226 exitum
1353 4177 1436 4227 cum
1456 4153 1660 4231 bominibus
1682 4159 1760 4232 ani-

259 4285 411 4361 malibus
427 4284 608 4386 quadrigis
627 4282 778 4360 vecturis
793 4283 1059 4382 quibuscunque
1074 4281 1212 4383 lapides
1228 4281 1441 4359 ducentibus
1457 4284 1515 4360 seu
1532 4287 1759 4386 portantibus

260 4429 297 4490 et
314 4415 403 4489 duas
419 4439 520 4488 acras
535 4428 629 4490 terre
646 4412 737 4488 diste
751 4410 943 4513 lapidicine
964 4438 1009 4487 ex
1030 4427 1132 4512 parte
1149 4411 1357 4490 occidentali
1377 4415 1540 4515 proximo
1556 4417 1760 4519 adjacentes

260 4560 299 4622 vt
322 4545 457 4622 ibidem
481 4543 619 4645 lapides
634 4570 723 4643 quos
745 4545 873 4644 possint
889 4541 1052 4644 colligere
1077 4558 1115 4620 et
1131 4545 1279 4621 domum
1302 4545 1339 4621 in
1356 4571 1427 4645 qna
1443 4547 1582 4623 eosdem
1599 4547 1759 4628 incidunt
