4450 6034
486 575 536 650 62
1054 564 1411 643 REGISTRUM

486 802 612 878 clerieo
629 800 766 875 domini
784 797 896 898 Regis
919 839 928 856 ·
953 795 1114 872 Henriee
1130 795 1286 870 firmario
1303 795 1396 870 didio
1418 793 1574 896 Symone
1593 794 1619 871 J
1621 795 1762 872 ohanne
1778 813 1816 873 et
1834 797 1993 901 Hugone

486 933 569 1034 fllijs
598 931 681 1007 diiii
708 929 858 1005 Henriei
892 971 902 990 ·
931 927 1111 1004 Willelmo
1139 927 1265 1003 clerieo
1295 967 1306 988 ·
1337 926 1528 1004 Giileielnn
1547 929 1672 1030 jndice
1705 969 1714 987 ·
1743 929 1888 1030 Rogero
1921 931 1995 1008 filio

448 1030 456 1047 ⁶
486 1067 614 1144 Jaeobi
633 1062 829 1162 cimentnrij
858 1103 868 1122 ·
919 1061 1027 1136 Petro
1051 1059 1126 1134 filio
1151 1060 1235 1136 dieti
1262 1059 1455 1160 nimentnrij
1484 1099 1494 1120 ·
1522 1061 1667 1163 Rogero
1693 1076 1729 1138 et
1751 1062 1888 1140 Jaeobo
1913 1063 1993 1164 filijs

488 1199 630 1298 Wgenn
647 1239 656 1255 ·
674 1195 794 1270 Briein
810 1192 969 1292 dapifero
985 1207 1022 1268 et
1037 1189 1158 1276 multis
1174 1189 1253 1292 nlije
1272 1231 1281 1252 ·

491 1567 613 1668 Carta
628 1607 722 1667 terre
738 1589 776 1664 in
794 1603 998 1666 tenemento
1013 1589 1059 1666 de
1076 1589 1186 1692 Roffy
1204 1631 1213 1652 ·

421 1861 470 1932 63
490 1829 684 1932 Omnibus
709 1855 841 1932 christi
863 1852 1027 1930 fidelibus
1051 1854 1194 1954 presens
1218 1855 1384 1956 seriptum
1409 1853 1533 1928 visuris
1557 1853 1614 1930 vel
1638 1855 1812 1930 audituris
1836 1855 1990 1940 melitius

485 1985 579 2062 filiun
593 2031 602 2046 ·
617 1987 656 2062 G
671 1988 874 2086 ·qu0ndnm
887 1985 1026 2062 comitis
1038 1984 1084 2060 de
1102 1983 1319 2086 StretherYn
1332 1983 1430 2069 miles
1443 1999 1603 2060 eternam
1616 1983 1655 2058 in
1667 1983 1813 2060 domino
1822 1983 1967 2061 salutem
1980 2027 1989 2047 ·

485 2119 640 2194 Nouerit
655 2118 862 2194 rniuerfitas
877 2119 992 2192 vestre
1007 2142 1065 2191 me
1082 2117 1237 2192 caritatis
1255 2117 1387 2191 intuitu
1403 2142 1469 2217 pro
1485 2115 1595 2191 salute
1611 2115 1729 2191 anime
1745 2141 1824 2190 mee
1841 2131 1878 2192 et
1893 2131 1991 2192 ente-

486 2249 655 2324 eed‘orum
685 2274 846 2323 meorum
868 2261 905 2322 et
933 2245 1062 2348 oealifij
1092 2245 1154 2345 filij
1185 2246 1257 2322 mei
1285 2261 1322 2322 et
1347 2245 1519 2322 heredum
1549 2273 1711 2322 meorum
1735 2261 1772 2323 et
1796 2263 1991 2324 eeteromm

486 2381 716 2456 surnefi'orum
737 2405 898 2455 meorum
925 2378 1054 2452 dedifl'e
1081 2377 1274 2453 eonneffifl'e
1300 2393 1338 2454 et
1362 2377 1430 2454 hoe
1456 2377 1609 2480 presenti
1629 2377 1758 2478 scripte
1778 2380 1992 2454 eonfirmeffe

485 2511 569 2585 Deo
586 2525 623 2584 et
639 2512 742 2585 beate
758 2509 877 2592 marie
893 2522 929 2583 et
946 2510 1051 2583 bento
1068 2509 1094 2583 J
1094 2509 1227 2583 ohenni
1243 2507 1399 2609 apostolo
1424 2523 1461 2584 et
1477 2508 1690 2610 euangeliste
1706 2508 1753 2585 de
1771 2509 1890 2584 Insula
1905 2509 1991 2590 atis-

485 2645 601 2718 snrum
618 2656 655 2718 et
670 2642 792 2716 abbati
808 2654 846 2716 et
861 2641 1055 2717 eonnentni
1077 2641 1235 2741 ejusdem
1250 2641 1319 2716 loni
1341 2657 1378 2717 et
1397 2667 1523 2716 eorum
1543 2643 1790 2718 sueeefforibus
1807 2643 1845 2718 in
1866 2669 1991 2744 puram

486 2788 522 2848 et
538 2787 756 2873 perpetuam·
765 2770 991 2847 elemosinam
1008 2770 1104 2844 illam
1120 2770 1331 2872 perticulam
1352 2787 1446 2848 terre
1462 2773 1502 2846 in
1519 2785 1724 2848 tenemento
1741 2773 1786 2848 de
1803 2772 1912 2873 Roffy
1930 2799 1992 2874 per

486 2904 562 2978 illne
584 2920 699 2980 metae
721 2929 786 3003 per
805 2928 893 3002 qune
915 2928 982 3002 ego
1007 2927 1127 2977 eornm
1149 2901 1338 3002 fidedignis
1361 2902 1560 3002 inproprie
1582 2903 1730 3003 persone
1748 2903 1993 3002 perambulaui

486 3079 496 3098 ·
514 3036 643 3112 scilieet
661 3079 669 3096 ·
695 3062 718 3110 n
738 3034 876 3136 petatio
894 3035 939 3110 de
962 3033 1072 3135 Roffy
1089 3033 1154 3132 qui
1172 3031 1311 3109 Sentice
1328 3034 1458 3110 dieitur
1474 3033 1635 3110 Pethech
1651 3037 1738 3112 fient
1757 3033 1894 3110 riuulne
1911 3036 1992 3112 ditti

484 3169 609 3270 petarij
636 3165 808 3243 discendit
831 3165 949 3240 verius
968 3162 1179 3240 orientalem
1199 3177 1337 3264 partem
1357 3164 1464 3264 vique
1488 3166 1536 3241 nd
1559 3165 1653 3240 viem
1678 3193 1748 3265 que
1773 3167 1807 3242 se
1831 3169 1992 3244 extendit

486 3303 531 3377 de
555 3300 731 3401 Strethyn
754 3300 860 3399 vique
875 3298 922 3372 ad
939 3296 1049 3398 Roffy
1065 3310 1103 3371 et
1122 3297 1168 3370 fie
1192 3321 1258 3394 per
1278 3295 1374 3370 illem
1390 3297 1485 3372 viam
1505 3298 1623 3372 verius
1645 3299 1804 3374 austrum
1819 3301 1926 3399 rique
1946 3302 1992 3376 ad

485 3435 646 3510 niernum
669 3430 830 3532 lepidum
854 3454 920 3530 per
944 3455 1003 3502 me
1024 3425 1194 3528 [factum]
1218 3426 1351 3504 ibidem
1375 3441 1412 3503 et
1434 3429 1480 3502 fie
1499 3427 1657 3504 {imiliter
1677 3431 1785 3529 rique
1810 3431 1858 3506 nd
1882 3430 1990 3505 alium

485 3567 648 3641 niernum
679 3589 746 3662 per
775 3588 832 3636 me
859 3560 992 3635 fanum
1021 3572 1058 3633 et
1094 3559 1142 3631 fic
1170 3558 1288 3632 versus
1317 3557 1574 3634 occidentalem
1606 3574 1746 3658 partem
1778 3587 1845 3661 per
1876 3561 1992 3638 nibem

485 3713 619 3774 metam
646 3696 775 3772 scilieet
803 3719 951 3795 paruam
980 3691 1139 3766 semitam
1167 3690 1273 3790 vique
1297 3690 1345 3765 ad
1371 3691 1502 3766 ditium
1533 3693 1709 3792 petnrium
1739 3707 1777 3770 et
1805 3697 1851 3770 fin
1875 3698 1991 3772 verius

485 3828 722 3930 aquilonalem
748 3840 888 3929 partem
911 3825 1018 3924 rique
1040 3821 1088 3896 nd
1110 3821 1248 3898 exitum
1272 3821 1355 3898 dieti
1374 3821 1481 3896 riuuli
1501 3823 1585 3900 ditti
1606 3825 1734 3926 petnrij
1756 3853 1827 3926 que
1846 3827 1990 3926 quidem

485 3961 658 4064 pertienln
691 3974 785 4036 terre
813 3956 1019 4034 continuate
1047 3955 1207 4031 eontinet
1240 3955 1278 4028 in
1306 3955 1340 4030 se
1369 3969 1441 4032 tres
1477 3981 1578 4032 aerae
1610 3971 1705 4035 terre
1736 3973 1774 4036 et
1802 3960 1954 4060 emplius
1979 3999 1988 4018 ·

486 4092 696 4169 Tenendum
713 4104 750 4166 et
770 4087 971 4165 habendam
987 4086 1049 4162 libi
1069 4101 1107 4163 et
1121 4085 1191 4161 suis
1207 4085 1451 4162 suecessoribus
1474 4101 1510 4163 et
1529 4113 1654 4163 eornm
1669 4089 1846 4192 nffignntie
1868 4091 1913 4168 de
1933 4117 1990 4166 me

484 4239 521 4301 et
544 4223 736 4299 heredibus
751 4220 841 4296 mein
864 4219 904 4294 in
925 4243 1053 4318 puram
1075 4231 1113 4294 et
1137 4231 1348 4319 perpetuam
1367 4216 1591 4294 elemofinnm
1610 4219 1719 4296 libere
1739 4236 1775 4296 et
1794 4221 1914 4321 quiete
1938 4224 1989 4297 in·

485 4370 698 4457 perpetuum
715 4381 798 4430 enm
813 4353 957 4454 pastura
972 4350 1163 4426 duodecim
1178 4375 1366 4426 recentum
1386 4366 1423 4428 et
1439 4351 1565 4453 viginti
1587 4353 1710 4429 onium
1732 4367 1769 4430 et
1784 4355 1888 4430 vnine
1908 4355 1989 4455 equi

484 4517 555 4564 vnn
570 4515 653 4564 eum
669 4489 886 4587 eyiiamento
902 4483 1062 4558 sumendi
1078 4482 1117 4557 in
1134 4483 1229 4558 dieto
1250 4481 1386 4582 petnrio
1407 4481 1550 4585 fingulie
1573 4485 1677 4560 nnnie
1693 4485 1819 4588 viginti
1840 4487 1990 4562 knrueee

480 4618 650 4723 'peratum
668 4618 769 4695 reid
792 4615 983 4694 maluerint
1004 4631 1131 4716 quater
1152 4615 1279 4716 viginti
1304 4639 1412 4690 onere
1431 4641 1604 4716 equorum
1624 4643 1707 4692 eum
1727 4618 1854 4696 ceteris
1877 4621 1984 4720 nyfia·
