4450 6034
742 589 822 664 DE
853 587 1256 667 INOHAFFERY.

240 930 314 1031 De
329 954 499 1032 libertato
514 955 686 1033 tolleuei·
743 913 746 916 ἱ

194 1226 219 1297 9
236 1192 463 1299 Alexander
471 1211 545 1296 Dei
556 1221 670 1322 gretia
681 1219 763 1296 Rex
773 1219 979 1295 Scottorum
992 1218 1158 1294 omnibus
1174 1219 1295 1320 probis
1307 1219 1511 1296 homiuibus
1529 1218 1638 1294 totius
1655 1232 1748 1295 terro

235 1356 299 1429 sue
320 1351 470 1432 sulutem
495 1353 624 1430 Seiutiu
641 1379 699 1429 mo
715 1353 907 1430 oouoeffifi'o
923 1352 1102 1429 canonicis
1118 1351 1164 1429 de
1182 1352 1390 1456 Iuohussryu
1405 1368 1444 1428 vt
1461 1353 1571 1454 quieti
1595 1354 1663 1428 smt
1684 1377 1749 1454 per

237 1501 354 1563 totam
379 1503 511 1566 tortum
536 1515 655 1565 meum
677 1487 723 1564 de
740 1485 938 1563 Tholleneo
963 1500 1001 1562 et
1023 1468 1277 1562 cousuetudine
1302 1487 1347 1562 de
1372 1487 1440 1562 hiis
1464 1513 1535 1587 que
1560 1500 1680 1564 emunt
1703 1487 1751 1561 ad

234 1622 320 1696 usus
337 1648 460 1698 eorum
476 1621 638 1724 proprios
669 1663 679 1681 ·
709 1619 833 1709 Quare
856 1619 1028 1721 prohibeo
1051 1621 1203 1696 firmiter
1225 1635 1273 1695 ‘ue
1298 1620 1377 1722 quie
1397 1647 1457 1697 eos
1477 1621 1605 1722 injuste
1621 1647 1750 1697 vexere

235 1756 420 1857 presumat
435 1753 612 1858 exigendo
627 1754 674 1830 de
690 1754 740 1830 eie
757 1751 942 1830 tollenium
958 1752 1016 1829 vel
1031 1753 1320 1830 cousuetudinem
1337 1754 1491 1856 aliquam
1517 1756 1561 1830 de
1586 1755 1654 1830 hiis
1679 1781 1749 1855 que

235 1898 360 1964 omont
375 1887 423 1962 ud
439 1888 518 1962 vsut
535 1910 658 1964 eorum
675 1886 838 1988 proprios
853 1886 959 1987 super
973 1907 1091 1962 meum
1107 1886 1350 1963 deseuoiouem
1369 1885 1556 1962 ·Teiiibue
1567 1886 1748 1963 Willelmo

236 2021 284 2094 de
302 2017 441 2095 Bosoho
464 2018 672 2095 otuoellurio
696 2043 778 2094 meo
805 2058 815 2078 ·
842 2017 971 2093 comite
993 2016 1188 2101 malcolmo
1213 2019 1258 2094 de
1280 2019 1362 2121 siff
1383 2059 1393 2078 ·
1418 2019 1515 2120 opud
1540 2017 1748 2120 Streuyllyn

237 2153 379 2230 decimo
394 2153 453 2228 die
470 2151 595 2236 martii
614 2195 624 2213 ·

231 2522 366 2625 ‘Cane
380 2549 427 2624 de
442 2573 516 2622 uuo
531 2545 652 2624 oeldru
666 2545 779 2622 setino
794 2547 842 2622 do
859 2545 1164 2623 Ouohtirmuohou
1182 2587 1193 2610 ·

176 2791 220 2862 ¹⁰
241 2789 437 2893 Omnibus
460 2811 531 2892 hoo
548 2815 719 2915 seriptum
734 2813 857 2889 visuris
871 2811 928 2889 vel
945 2813 1120 2906 audituris
1137 2811 1324 2916 Fergufiue
1348 2813 1442 2891 filius
1460 2815 1614 2893 Gilberti
1632 2841 1746 2917 quou-

236 2951 322 3024 dzm
338 2949 477 3026 eomitie
493 2949 540 3024 de
557 2947 771 3051 Strutheryn
787 2943 934 3024 sulutem
950 2945 989 3022 iu
1005 2947 1169 3024 Domino
1193 2988 1203 3008 ·
1234 2947 1390 3024 Nouerit
1409 2949 1615 3026 vuiuorfitue
1636 2951 1749 3026 vestre

236 3109 296 3161 me
313 3081 446 3160 dediffe
460 3081 656 3160 oonoessifl'e
671 3097 709 3159 et
724 3078 792 3157 hae
808 3082 962 3184 presenti
979 3096 1077 3158 oartu
1092 3107 1174 3160 meu
1188 3083 1404 3159 confirmasse
1420 3085 1466 3160 de
1483 3108 1542 3162 me
1557 3100 1595 3161 ot
1609 3081 1750 3161 heredi·

236 3219 305 3292 buo
320 3217 411 3293 meio
426 3216 509 3292 Deo
525 3229 564 3291 et
579 3214 694 3291 sonem
711 3213 869 3290 Johuuni
885 3211 1057 3314 Apostolo
1074 3229 1112 3291 et
1128 3213 1356 3316 Euangeliste
1372 3216 1418 3291 de
1437 3215 1555 3292 Insulo
1570 3217 1747 3293 missurum

237 3366 275 3427 et
289 3350 427 3426 Abbati
452 3365 489 3426 et
514 3349 692 3424 eenonioie
713 3348 847 3424 ibidem
865 3347 949 3425 Deo
968 3348 1202 3424 sentientibus
1223 3363 1260 3424 et
1280 3349 1462 3426 seruitutis
1477 3350 1515 3424 iu
1531 3364 1747 3452 perpetuum

237 3511 347 3560 unum
371 3481 526 3560 oeldmm
550 3483 663 3558 serino
679 3509 794 3558 uuene
818 3482 856 3556 iu
877 3481 961 3558 villu
976 3482 1024 3557 de
1039 3480 1327 3558 Ouohtirmukeu
1352 3482 1415 3557 fibi
1439 3497 1476 3558 et
1499 3483 1746 3560 successoribus

235 3619 305 3693 suis
326 3617 365 3692 in
384 3633 598 3718 perpetuum
615 3617 661 3693 de
677 3643 735 3692 me
752 3631 789 3692 ot
805 3615 996 3692 heredibus
1012 3615 1101 3691 meis
1117 3641 1183 3716 per
1197 3641 1325 3690 manue
1341 3616 1486 3691 firmarii
1502 3617 1573 3693 mei
1590 3618 1745 3718 ejusdem

236 3753 316 3830 ville
331 3753 517 3829 annuatim
534 3751 799 3851 percipiendum
816 3777 881 3854 pro
893 3749 1003 3826 salute
1014 3750 1133 3826 anime
1144 3775 1224 3826 mee
1236 3749 1431 3826 umioorum
1444 3764 1480 3827 et
1492 3752 1745 3828 enteeefforum

235 3911 397 3962 meorum
420 3929 429 3946 ·
454 3899 492 3961 et
507 3885 556 3962 od
570 3885 791 3962 securitatem
808 3884 989 3960 solutionis
1004 3883 1096 3959 diue
1112 3883 1225 3959 surine
1241 3882 1346 3959 dietis
1363 3883 1482 3959 ubbeti
1498 3898 1535 3960 et
1553 3884 1745 3962 Ounonioio

236 4019 281 4094 ud
295 4019 424 4094 sessum
439 4017 546 4093 santii
562 4016 738 4094 Johuunis
750 4015 909 4118 Baptiste
925 4016 963 4090 iu
979 4017 1087 4095 estate
1102 4017 1175 4091 fine
1192 4013 1311 4115 aliqua
1327 4013 1544 4092 muelatioue
1560 4018 1744 4092 annuatim

235 4150 433 4226 faciendam
449 4177 508 4225 me
526 4164 565 4226 et
583 4149 732 4226 heredes
747 4175 845 4225 meos
862 4147 981 4249 obligo
998 4149 1262 4250 imperpetuum
1291 4192 1299 4209 ·
1329 4149 1374 4224 Iu
1395 4149 1502 4248 hujus
1518 4149 1569 4224 rei
1586 4127 1744 4227 testimo-

236 4283 335 4358 uium
344 4283 493 4385 sigillum
504 4309 626 4360 meum
634 4307 706 4358 mo
717 4307 798 4358 eum
810 4281 919 4383 sigillo
931 4281 1141 4358 venerabilis
1152 4283 1264 4384 petris
1278 4325 1288 4343 ·
1302 4281 1334 4359 O
1347 4325 1356 4342 ·
1368 4281 1629 4359 Duubluueufie
1639 4284 1744 4387 Epis-

236 4417 315 4519 eopi
339 4433 378 4494 ot
401 4417 537 4494 domini
554 4421 629 4503 (1)-
653 4417 792 4493 eomitie
808 4415 853 4492 de
872 4415 1087 4518 Strotheryn
1108 4415 1193 4492 huie
1215 4416 1344 4518 scripto
1367 4418 1500 4518 apponi
1524 4421 1741 4518 proouraui·

237 4549 320 4627 Hiie
330 4551 521 4630 testibqu
536 4553 615 4630 -dei
624 4552 740 4654 gretie
756 4551 931 4654 Episcopo
947 4549 1179 4627 duubleuenii
1197 4589 1207 4611 ·
1226 4551 1293 4632 (1)·
1310 4547 1455 4626 Comite
1465 4552 1511 4627 de
1526 4550 1741 4654 Stratheryu
