4450 6034
877 589 1150 656 APPENDIX.
1683 585 1760 652 xxxi

238 805 527 883 contradililores
549 806 579 882 si
602 805 663 906 qui
684 803 818 883 fuerint
837 821 877 883 et
896 805 1047 883 rebelles
1062 831 1128 908 per
1143 829 1332 881 censuram
1347 803 1620 882 ecclesiasticam
1635 804 1758 907 appel·

237 939 376 1016 latione
395 939 598 1039 postposita
612 938 868 1039 compescendo
892 981 901 998 ·
924 937 1067 1018 Datum
1078 936 1233 1016 Viterbii
1248 939 1300 1015 ili⁰
1317 921 1406 1014 Idus
1417 938 1519 1016 Junii
1530 935 1757 1038 pontificatus

237 1071 353 1146 noemi
377 1069 482 1147 anno
501 1075 537 1172 xj
566 1110 577 1133 ·
606 1070 728 1174 Hujus
750 1061 860 1172 igitur
881 1069 1091 1148 auctoritate
1115 1070 1275 1146 mandati
1303 1096 1386 1146 oum
1409 1084 1485 1145 tam
1510 1069 1623 1146 didus
1647 1070 1757 1171 Epis-

236 1227 352 1304 copus
371 1203 645 1280 Duublaneusis
666 1200 775 1304 quam
790 1199 958 1280 Valtems
976 1203 1147 1304 Oumyng
1167 1227 1286 1280 comes
1310 1204 1357 1280 de
1378 1202 1547 1281 Menteth
1572 1204 1610 1283 in
1634 1219 1757 1280 noema

235 1335 427 1436 presentia
455 1351 575 1412 csscru
597 1335 782 1412 constituti
804 1351 887 1436 post
918 1333 1166 1411 altercationes
1198 1335 1415 1414 ordinationi
1443 1349 1564 1412 nostre
1595 1362 1635 1412 se
1668 1337 1755 1410 sub-

232 1469 410 1566 jecerunt
435 1491 544 1569 cuper
569 1467 734 1544 omnibus
758 1465 1044 1544 contentionibus
1069 1480 1106 1542 et
1132 1466 1284 1567 querelis
1313 1468 1407 1544 inter
1432 1467 1530 1570 ipsos
1558 1468 1665 1544 motis
1698 1468 1755 1544 vel

235 1625 308 1698 que
318 1597 444 1700 aliquo
457 1613 618 1701 temporo
633 1599 792 1702 poterint
809 1625 916 1702 super
932 1599 1163 1700 infrascriptis
1178 1599 1312 1674 moveri
1327 1613 1364 1675 et
1379 1625 1490 1702 super
1504 1598 1753 1680 reformatione

234 1745 360 1808 cutus
376 1729 536 1808 Ecclesie
552 1729 820 1808 Dunblanensis
831 1763 845 1819 ι
855 1755 921 1806 nos
937 1729 1058 1806 habito
1071 1755 1156 1807 vero
1166 1731 1323 1806 morum
1336 1731 1568 1830 prudentium
1580 1732 1751 1820 oonsilio!

234 1863 273 1936 in
295 1862 403 1938 bunc
427 1864 575 1939 modum
600 1863 695 1940 inter
718 1889 779 1948 ees
804 1863 1043 1938 ordinavimus
1061 1894 1074 1950 ι
1091 1861 1255 1944 videlieet
1281 1861 1394 1952 Quod
1417 1862 1533 1940 ditibus
1553 1863 1750 1967 Episcopus

235 1994 516 2078 Dunblanensis
543 1994 688 2070 nominc
715 1991 874 2070 Ecclesie
900 2019 963 2070 sue
985 2019 1050 2095 pro
1071 2019 1110 2069 se
1133 2009 1171 2069 et
1192 1993 1457 2070 successoribus
1480 1992 1556 2070 suis
1582 1998 1749 2073 omnibus

235 2129 430 2206 renunciet
458 2127 556 2207 omni
578 2128 653 2228 juri
680 2122 777 2228 quod
798 2125 969 2228 Episcopi
990 2126 1047 2202 vel
1066 2141 1308 2216 antecessores
1333 2128 1391 2203 sui
1417 2128 1560 2204 nomine
1576 2129 1749 2206 'Ecclesie

237 2259 514 2336 Dunblanensis
524 2259 724 2336 habuerunt
736 2258 792 2334 vel
805 2258 935 2334 habere
947 2272 1142 2358 potueruut
1153 2259 1211 2336 vel
1222 2260 1382 2361 poterint
1393 2261 1431 2335 in
1443 2262 1546 2338 terris
1562 2261 1618 2338 vel
1634 2263 1748 2347 dena,
1782 2326 1786 2335 ,

192 2469 194 2472 ,
235 2392 299 2466 riis
322 2391 476 2492 receptis
498 2391 543 2467 de
566 2389 667 2466 terris
689 2404 726 2466 et
746 2391 784 2464 in
802 2390 900 2466 canis
916 2391 1081 2466 omnibus
1099 2390 1259 2468 Ecclesie
1275 2407 1313 2468 et
1327 2393 1483 2468 denariis
1499 2394 1684 2469 aunuatim
1701 2396 1746 2469 ab

237 2522 410 2599 Ecclesiis
426 2521 615 2598 comitatus
628 2521 673 2596 de
686 2519 855 2596 Menteth
866 2520 1045 2622 inquibus
1058 2522 1172 2597 didius
1185 2549 1303 2599 comes
1315 2527 1377 2624 jus
1388 2523 1526 2600 obtinet
1536 2538 1744 2627 patronatus

236 2651 384 2733 nomine
400 2653 580 2755 pensionis
596 2653 772 2754 perceptis
791 2669 832 2729 ut
853 2653 993 2728 dicebat
1006 2653 1119 2730 dicus
1135 2647 1361 2756 Episcopum
1377 2671 1415 2732 et
1434 2657 1599 2732 omuibus
1615 2683 1744 2756 quore-

235 2785 280 2862 lis
296 2786 536 2863 exactionibus
552 2785 608 2861 vel
625 2785 809 2862 demendis
825 2785 919 2861 inter
935 2811 995 2862 eos
1011 2785 1119 2862 motis
1133 2787 1191 2862 vel
1207 2814 1277 2888 que
1298 2787 1416 2889 aliquo
1426 2801 1586 2890 tempore
1602 2791 1743 2891 abipso

235 2918 292 2994 vel
312 2918 594 2994 antecessoribus
614 2917 688 2992 suis
708 2930 831 2993 contra
848 2915 981 2992 ditium
997 2917 1164 2994 comitem
1181 2918 1238 2995 vel
1253 2935 1492 2997 antecessores
1507 2948 1590 2998 suos
1607 2924 1741 2998 moveri

234 3063 401 3150 poterant
417 3049 474 3126 vel
485 3063 654 3150 poterunt
670 3073 777 3146 supra
796 3047 965 3149 predictis
992 3091 1001 3110 ·
1026 3048 1269 3126 ordinavimus
1288 3050 1397 3128 etiam
1418 3053 1516 3154 quod
1533 3053 1672 3130 licitum
1692 3056 1740 3132 sit

234 3181 326 3257 dlEo
356 3181 479 3258 comiti
509 3196 545 3256 et
574 3173 834 3255 suecessoribus
863 3178 937 3254 suis
962 3178 1111 3255 domum
1140 3165 1297 3257 virorum
1324 3182 1572 3285 religiosorum
1602 3186 1738 3262 ordinis

236 3313 356 3391 Sancti
374 3313 569 3415 Augustini
585 3313 622 3388 in
639 3305 756 3388 insula
768 3312 813 3388 de
827 3311 1161 3414 Inchmaquhomek
1173 3331 1378 3392 construere
1390 3316 1468 3393 sine
1479 3313 1736 3419 impedimento

232 3447 286 3524 vel
309 3447 585 3524 contradictione
610 3444 694 3524 diei
719 3446 888 3549 Episcopi
912 3447 970 3524 vel
994 3473 1238 3534 successorum
1262 3475 1410 3524 suorum
1434 3450 1734 3553 ·Assignuvimus

231 3571 341 3662 etism
355 3605 398 3655 ox
416 3579 602 3657 collatione
618 3580 704 3656 dicti
721 3580 860 3656 coniitia
876 3596 913 3657 et
930 3580 975 3656 de
991 3579 1175 3657 voluntate
1190 3596 1228 3658 ct
1243 3607 1390 3658 assenm
1406 3583 1490 3660 diei
1506 3584 1677 3686 Episcopi
1692 3589 1732 3667 in

231 3735 357 3808 purum
374 3727 410 3789 et
426 3727 635 3811 perpetuam
653 3710 874 3788 elimosinam
890 3712 958 3788 illis
974 3711 1058 3792 viris
1073 3713 1247 3815 religiosis
1261 3713 1301 3788 in
1317 3712 1411 3792 dieta
1426 3715 1541 3792 insula
1557 3716 1640 3794 Deo
1653 3745 1730 3795 ser-

230 3839 403 3920 vientibus
421 3843 597 3920 Ecclesiae
613 3844 659 3920 de
676 3840 806 3945 Lanyn
817 3858 855 3920 et
870 3844 915 3918 de
933 3843 1025 3920 dieta
1040 3845 1158 3921 insula
1174 3871 1255 3921 oum
1274 3847 1440 3922 omuibus
1456 3846 1677 3926 libertatibus
1694 3870 1732 3928 et

230 3974 441 4052 aisiamentis
465 3975 513 4051 ad
537 3975 648 4050 didas
674 3971 851 4056 Ecclesiae
884 3975 1146 4077 pertinentibus
1163 4009 1177 4064 J
1194 3969 1299 4054 salvis
1327 3979 1600 4082 Episcopalibus
1630 3982 1729 4061 dicto

230 4105 406 4208 Episcopo
432 4120 468 4182 et
492 4105 752 4188 successoribus
776 4107 851 4182 suis
874 4149 883 4168 ·
902 4107 952 4182 Et
977 4107 1163 4184 sciendum
1188 4110 1365 4211 estquod
1390 4139 1463 4188 non
1487 4111 1610 4194 licebit
1633 4117 1728 4195 didio

231 4237 404 4340 Episcopo
421 4236 477 4314 vel
492 4239 754 4317 successoribus
771 4239 898 4315 suisio
915 4239 1016 4316 ditiis
1033 4239 1172 4315 duabus
1188 4240 1357 4319 Ecclesiis
1372 4261 1564 4347 perpetuos
1579 4250 1728 4329 vicanos

227 4369 336 4446 lucere
357 4370 423 4446 aed
444 4369 584 4449 honesti
596 4367 769 4472 capellani
784 4367 967 4471 Episcopo
983 4387 1235 4470 presentemur
1249 4374 1313 4474 qui
1328 4375 1398 4478 ipsi
1419 4377 1466 4454 de
1483 4404 1570 4454 cura
1588 4381 1727 4464 anima.
1788 4410 1791 4417 ’

226 4539 299 4588 rum
317 4527 355 4589 ct
371 4513 417 4588 de
434 4513 675 4615 spiritualibus
691 4529 727 4590 ct
744 4512 1014 4615 Episcopulibus
1030 4516 1268 4615 respondeant
1286 4517 1564 4597 ·0rdinarimus
1580 4524 1725 4626 insuper

225 4661 262 4722 ut
273 4647 387 4722 deus
399 4671 517 4722 comcs
533 4671 599 4747 pro
616 4671 654 4720 se
670 4645 976 4722 etsuccessoribus
989 4646 1061 4722 suis
1074 4648 1245 4724 concedat
1257 4665 1294 4724 et
1305 4651 1460 4753 assignet
1472 4653 1665 4730 Ecclesiam
1677 4657 1723 4735 de
