4450 6034
766 557 845 631 DE
877 553 1282 632 INOHAFFERY.
1725 568 1773 639 49

269 803 466 862 eonnentus
498 789 584 863 mihi
617 801 656 865 et
683 789 835 866 Oristine
867 789 987 891 sponse
1013 815 1092 864 mee
1122 803 1159 864 et
1186 787 1376 864 heredibus
1404 791 1491 868 meis
1516 790 1776 870 fraternitatem

269 921 466 1022 ‹nonasterij
490 923 541 996 sui
567 923 605 997 in
632 923 850 998 orationibus
872 921 1065 996 elemefinis
1091 937 1129 996 et
1151 919 1346 1020 ‹oartilegio
1369 935 1405 996 et
1426 923 1552 997 ceteris
1579 925 1680 999 bonis
1708 954 1777 1027 qus

268 1054 404 1127 fuerint
428 1054 641 1154 generaliter
674 1082 741 1158 pro
770 1054 1004 1131 confratribus
1030 1055 1150 1130 diuine
1186 1053 1342 1129 caritatis
1372 1055 1503 1130 intuitu
1536 1059 1777 1138 oonoeffemnt

269 1201 305 1261 et
332 1186 400 1262 hoe
420 1187 518 1262 idem
538 1189 727 1264 heredibus
751 1191 840 1265 meis
868 1189 1100 1265 ficaritatiue
1127 1187 1295 1288 petierint
1320 1191 1560 1266 eoneefl'erunt
1586 1233 1595 1252 ·
1624 1193 1777 1270 conoes-

267 1321 388 1395 serunt
412 1320 520 1396 etiam
545 1323 628 1397 dieti
652 1325 761 1398 abbas
786 1338 822 1399 et
848 1337 1044 1398 conuentus
1065 1321 1152 1395 mihi
1170 1336 1206 1395 et
1223 1319 1414 1396 heredibus
1439 1323 1527 1398 meis
1551 1325 1717 1424 quatinus
1738 1327 1775 1400 in

268 1452 319 1526 eis
341 1454 393 1527 est
417 1453 588 1554 capellam
613 1457 767 1530 nostram
801 1456 935 1556 inqua
967 1456 1068 1530 nobis
1103 1455 1228 1556 poffint
1263 1453 1385 1527 diuina
1414 1453 1585 1530 celebrari
1614 1455 1708 1532 salua
1737 1457 1775 1532 in

268 1585 432 1658 omnibus
451 1585 685 1662 indemnitate
694 1587 998 1670 ‹oatrioiseoelelie
1017 1631 1026 1648 ·
1045 1589 1090 1663 In
1101 1591 1201 1688 eujus
1219 1595 1271 1670 rei
1289 1596 1526 1672 testimenium
1542 1598 1626 1673 huie
1645 1600 1774 1702 scripto

266 1715 416 1818 tigillum
439 1743 559 1792 meum
582 1718 727 1820 apposui
749 1733 786 1794 et
808 1721 854 1795 ad
875 1720 1075 1800 instantiam
1090 1751 1207 1800 meam
1224 1726 1373 1828 tigillum
1390 1729 1527 1804 comitis
1544 1729 1628 1805 huie
1644 1730 1773 1833 scripto

266 1850 316 1924 est
333 1851 528 1952 appensum
545 1891 555 1914 ·

270 2229 486 2331 (lioneordia
502 2253 597 2326 inter
612 2252 778 2326 abbatem
794 2251 840 2325 de
858 2250 980 2353 Cupro
997 2265 1035 2327 et
1051 2253 1216 2327 abbatem
1234 2250 1350 2327 Infnle
1367 2253 1551 2336 miliarum
1570 2297 1579 2316 ·

201 2514 250 2586 49
270 2492 378 2594 Cum
390 2518 586 2594 interritos
596 2515 773 2616 religiosos
786 2515 972 2590 Andream
982 2516 1057 2590 Dei
1067 2517 1183 2617 gratia
1196 2516 1360 2592 abbatem
1373 2516 1418 2591 de
1433 2517 1555 2620 Cupro
1567 2532 1604 2594 et
1616 2503 1771 2619 ejuldein

265 2649 334 2726 loei
350 2663 567 2726 conuentum
583 2675 628 2724 ex
645 2661 748 2750 parte
764 2673 835 2721 vna
850 2661 887 2721 et
905 2647 1098 2747 Hugonem
1116 2648 1270 2746 ejusdem
1286 2648 1403 2749 gratia
1419 2651 1583 2726 abbatem
1596 2652 1641 2727 de
1655 2651 1773 2726 Insula

263 2783 452 2864 miliarum
469 2797 506 2858 et
522 2783 677 2884 ejusdem
694 2780 763 2856 loei
782 2793 1000 2854 conuentum
1019 2806 1065 2855 ex
1085 2781 1200 2856 altera
1219 2781 1362 2856 suborta
1377 2781 1491 2858 fuiffet
1507 2785 1654 2866 materia
1670 2787 1772 2885 ques-

264 2919 372 2994 tionis
396 2919 500 3019 super
520 2915 675 3016 quodam
695 2941 814 2989 annuo
839 2913 982 2993 redditu
1002 2913 1190 2988 duodecim
1213 2913 1381 2990 librarum
1402 2941 1481 2990 cere
1501 2943 1607 3016 quem
1627 2918 1771 3017 quidem

264 3052 446 3127 redditum
462 3050 557 3124 idom
573 3049 681 3124 abbas
698 3062 735 3122 et
751 3059 949 3122 conuentus
971 3048 1017 3121 de
1038 3047 1161 3148 Oupro
1184 3047 1245 3121 fibi
1269 3047 1452 3122 annuatim
1469 3048 1591 3124 deberi
1607 3051 1772 3126 ditabant

264 3184 312 3260 de
331 3182 537 3283 quibusdam
554 3180 717 3255 domibus
737 3193 774 3254 et
798 3179 905 3255 terris
929 3179 1000 3253 [itis
1023 3178 1061 3254 in
1077 3178 1160 3252 villa
1184 3179 1229 3254 de
1255 3178 1367 3256 Parth
1387 3205 1475 3279 quas
1495 3181 1659 3281 magister
1678 3182 1771 3256 Wil-

263 3315 391 3390 lelmus
416 3314 584 3388 Dunllan
600 3326 636 3386 et
653 3309 808 3394 michael
830 3311 942 3385 dietus
965 3310 1010 3385 de
1028 3310 1232 3386 Inohaffran
1257 3311 1304 3384 ad
1322 3309 1568 3386 feodofirmam
1585 3326 1709 3387 teuent
1725 3315 1771 3388 de

263 3449 356 3523 dioto
373 3445 580 3552 monasterio
596 3445 642 3518 de
659 3442 778 3518 Insula
793 3443 978 3525 miliarum
997 3483 1006 3502 ·
1030 3442 1195 3516 Tandem
1212 3441 1295 3517 lieet
1310 3443 1556 3525 monasterium
1573 3443 1768 3544 preditium

263 3583 311 3656 de
336 3578 455 3655 Insula
476 3577 661 3661 miliarum
683 3574 856 3676 preditias
878 3573 1004 3647 demus
1028 3588 1064 3649 et
1086 3589 1202 3648 terras
1225 3574 1270 3648 ab
1286 3572 1486 3671 hujusmodi
1510 3574 1671 3648 redditus
1688 3602 1769 3652 cere

263 3713 476 3816 prestatione
487 3710 614 3784 liberas
626 3722 663 3784 et
675 3707 851 3782 immunes
867 3705 1012 3807 triginta
1024 3718 1062 3782 et
1074 3733 1204 3781 nouem
1214 3733 1326 3782 annos
1336 3719 1373 3782 et
1384 3705 1536 3806 amplius
1550 3707 1768 3809 poffedifl‘ent

262 3845 374 3922 aede
393 3846 474 3942 jure
496 3840 553 3916 vel
574 3840 773 3941 poli'effioue
798 3838 970 3913 ditiorum
993 3835 1130 3910 abbatie
1153 3849 1190 3911 et
1209 3849 1407 3912 conuentus
1430 3835 1474 3908 de
1498 3833 1622 3935 Oupro
1642 3835 1679 3909 in
1700 3835 1767 3914 hae

262 3989 367 4077 parte
383 3972 594 4048 sufficienter
618 3997 691 4044 nen
715 3967 866 4069 liquerat
888 3967 1206 4043 interuenientibus
1233 3980 1353 4042 tamen
1370 3965 1616 4040 communibus
1643 3967 1766 4041 amieis

261 4108 359 4182 inter
382 4119 505 4206 partes
531 4103 620 4203 ipsas
644 4101 847 4200 hujusmodi
874 4099 1066 4175 amicabilis
1095 4099 1303 4197 eompofieio
1330 4111 1367 4173 et
1395 4095 1550 4196 specialis
1575 4099 1764 4176 conuentio

261 4237 457 4314 interuenit
488 4233 652 4310 videlieet
685 4235 782 4334 quod
814 4231 943 4333 prefati
976 4232 1084 4306 abbas
1117 4245 1154 4305 et
1188 4242 1385 4305 conuentus
1412 4228 1457 4304 de
1482 4229 1605 4330 Cupra
1632 4230 1764 4306 ditium

261 4397 424 4447 annuum
446 4368 626 4444 redditum
649 4394 730 4442 oere
752 4391 956 4464 nunequam
980 4365 1026 4438 de
1050 4377 1170 4438 cetero
1191 4345 1356 4464 peterent
1376 4361 1431 4436 vel
1453 4377 1575 4463 petere
1595 4376 1764 4464 poterunt

260 4501 411 4604 prodidi
437 4527 521 4577 vero
550 4501 657 4574 abbas
684 4515 720 4575 et
747 4510 944 4574 conuentus
969 4495 1015 4570 de
1039 4494 1158 4570 Insula
1186 4494 1370 4578 miffarum
1396 4519 1461 4595 pro
1487 4495 1581 4570 bono
1606 4496 1704 4597 pacis
1728 4513 1765 4573 et

261 4632 508 4734 redemptione
535 4630 731 4707 vexationis
759 4631 819 4705 fue
851 4630 954 4730 super
986 4627 1128 4703 redditu
1157 4626 1316 4729 prediolo
1344 4625 1547 4727 supradietis
1577 4627 1697 4700 abbati
1726 4640 1764 4705 et

1491 4782 1516 4831 e
