4450 6034
750 542 1261 622 DEINOHAFFERY.
1649 609 1651 612 .
1716 555 1764 626 23

250 771 423 848 offensum
446 774 647 850 serenissimi
666 757 804 850 domini
827 777 899 852 mei
923 777 1075 852 Roberti
1100 778 1240 853 comitis
1263 779 1308 854 de
1336 778 1551 881 Stratheryn
1574 779 1764 880 impetreui

250 904 311 1003 qui
328 903 421 980 etin
438 908 577 1007 signnm
593 907 645 981 sui
660 906 812 983 affensus
828 905 922 982 hano
943 934 1061 983 meam
1084 908 1313 987 deustionem
1333 910 1380 986 ad
1400 937 1480 988 meo
1500 909 1763 1013 supplicationis

251 1038 455 1114 instantiam
480 1039 581 1141 sigilli
599 1041 652 1116 sui
673 1041 874 1117 testimonio
897 1044 1123 1119 confirmauit
1147 1045 1313 1121 Testibus
1337 1047 1484 1123 dominc
1507 1047 1674 1148 Fergusio
1690 1049 1762 1126 filio

251 1171 391 1247 comitis
418 1212 429 1232 ·
455 1172 600 1248 domino
622 1169 767 1274 Ro'gero
784 1173 830 1250 de
850 1173 1024 1250 Luoetost
1043 1217 1052 1238 ·
1074 1177 1220 1252 domino
1241 1178 1424 1256 Richardo
1437 1179 1554 1264 toilite
1572 1219 1581 1240 ·
1600 1180 1761 1281 magdlro

252 1303 308 1381 0·
325 1306 476 1407 persona
492 1306 538 1380 dc
554 1305 708 1406 muyhe·
727 1306 889 1384 Henrioo
900 1308 1104 1384 Rennario·
1123 1309 1446 1397 &lainbeth'oeora
1464 1327 1501 1389 et
1517 1311 1638 1398 multis
1654 1311 1731 1388 aliis
1749 1354 1759 1374 ·

252 1677 496 1781 Confirmatio
515 1704 653 1781 comitis
674 1705 825 1782 Roberti
842 1706 888 1780 de
904 1707 1068 1782 omnibns
1085 1703 1236 1782 ecclesiis
1253 1707 1356 1782 terris
1374 1721 1410 1782 et
1435 1709 1695 1806 possessionibus
1721 1727 1758 1788 et

250 1839 398 1916 decimis
416 1839 669 1917 canonicorum
688 1885 698 1901 ·
862 1896 864 1902 ,

185 2120 231 2188 21
251 2081 451 2186 Robertus
475 2135 596 2185 comes
614 2109 661 2184 de
683 2107 899 2212 Stratheryn
919 2109 1085 2184 omnibus
1105 2108 1174 2184 hoc
1191 2110 1357 2210 scriptum
1374 2111 1495 2186 visuris
1512 2111 1568 2187 vol
1585 2113 1761 2188 audituris

260 2239 410 2318 salutem
435 2284 444 2302 ·
471 2240 597 2318 Sciant
616 2241 795 2342 presentes
819 2258 855 2317 et
873 2242 986 2316 futuri
1000 2268 1060 2317 me
1075 2243 1269 2319 concessisse
1285 2256 1322 2317 et
1337 2241 1404 2320 hac
1420 2260 1517 2320 carte
1531 2271 1612 2322 mea
1630 2247 1762 2322 confir·

251 2375 357 2449 maffe
386 2373 454 2450 deo
484 2388 522 2449 et
549 2374 655 2449 beate
684 2375 802 2458 marie
831 2389 869 2449 et
896 2375 1001 2449 beato
1035 2373 1194 2451 Johanni
1227 2374 1382 2475 apostolo
1411 2376 1458 2451 de
1493 2376 1685 2478 Inchasryn
1719 2393 1756 2452 et

244 2507 425 2584 canonicis
453 2506 608 2608 ejusdem
636 2506 705 2584 loci
734 2534 928 2607 eorumque
955 2507 1205 2585 successoribus
1239 2507 1433 2584 Tenendas
1461 2511 1525 2584 libi
1555 2511 1601 2586 de
1630 2538 1688 2587 me
1718 2527 1757 2587 et

244 2641 434 2718 heredibus
455 2641 544 2717 meis
566 2641 604 2714 in
626 2667 755 2742 puram
777 2656 815 2718 ct
838 2654 1050 2744 perpetuam
1067 2639 1291 2717 elemosinam
1314 2667 1439 2718 omnes
1456 2643 1615 2719 ecclesias
1640 2659 1757 2722 terras

245 2787 282 2850 et
305 2775 526 2875 pofl'esliones
555 2773 736 2851 libertates
760 2775 988 2851 testitudines
1013 2775 1285 2852 consuetudines
1314 2776 1518 2854 aisiamenta
1539 2793 1576 2854 et
1598 2777 1754 2854 decimae

244 2908 467 2984 omnimodus
482 2910 520 2984 in
537 2909 645 2984 domo
661 2910 778 2983 nostra
794 2922 832 2984 ct
847 2907 885 2981 in
902 2909 1004 2984 terris
1020 2909 1146 2984 nostris
1163 2923 1200 2984 ct
1216 2924 1335 2985 cetera
1350 2911 1470 2986 omnia
1487 2937 1555 3011 que
1572 2913 1755 3013 prenomi-

245 3056 350 3118 natus
368 3067 489 3119 comes
511 3043 679 3118 dominus
699 3055 737 3117 et
756 3055 860 3143 pater
880 3068 982 3116 meus
1002 3043 1133 3118 eisdem
1158 3042 1337 3118 canonicis
1359 3042 1460 3120 dedit
1481 3058 1519 3120 ct
1535 3047 1699 3121 concessit
1716 3061 1753 3122 et

243 3202 308 3276 per
324 3189 440 3251 cartas
453 3177 534 3251 snas
550 3177 635 3251 inde
650 3177 758 3252 fodias
775 3176 1000 3251 confirmauit
1016 3176 1066 3251 ita
1081 3175 1191 3252 libere
1203 3177 1322 3278 quiete
1335 3175 1494 3277 plenarie
1507 3193 1543 3254 et
1559 3179 1752 3255 honorifice

243 3325 280 3386 et
309 3311 452 3410 integre
476 3311 564 3384 sicut
592 3309 723 3385 eisdem
752 3310 858 3384 cartis
887 3311 1000 3411 patris
1027 3310 1100 3385 mei
1129 3324 1165 3385 et
1194 3311 1282 3386 meis
1311 3311 1514 3387 continetur
1543 3356 1551 3372 ·
1582 3313 1751 3388 Preterea

244 3445 401 3521 concedo
418 3443 584 3545 predidlis
607 3443 787 3519 canonicis
804 3457 841 3519 et
854 3442 904 3518 eis
920 3458 1094 3545 perpetuo
1111 3444 1157 3519 de
1174 3470 1233 3518 me
1249 3460 1285 3520 ct
1301 3444 1491 3523 heredibus
1513 3447 1601 3521 meis
1623 3447 1750 3522 incon-

243 3577 336 3653 cusse
361 3576 577 3652 Tenendum
601 3576 755 3678 presenti
778 3589 876 3651 carta
891 3577 1063 3652 confirmo
1086 3579 1262 3676 quatenus
1285 3575 1403 3656 nullus
1429 3580 1586 3652 nostrum
1612 3578 1673 3654 det
1694 3579 1749 3654 vol

242 3709 486 3810 aliquomodo
506 3710 665 3787 conserat
684 3709 789 3786 alicui
805 3725 938 3787 terram
954 3708 1009 3787 vel
1027 3711 1220 3812 quidquam
1238 3712 1336 3787 eliud
1353 3712 1414 3786 nisi
1431 3711 1533 3787 saluis
1554 3711 1748 3788 elemosinis

241 3844 510 3920 testitudiuibus
536 3844 583 3919 ad
610 3844 701 3944 ipsos
729 3845 917 3920 canonicos
946 3844 1098 3947 dejure
1127 3847 1400 3948 pertinentibus
1424 3891 1432 3906 ·
1468 3846 1551 3938 Hiis
1581 3847 1748 3924 Testibus

240 3979 400 4053 Abraam
425 3978 601 4080 Episcopo
625 3977 870 4054 Dunblanenfi
905 4022 915 4040 ·
950 3980 1115 4058 Gilberto
1140 3981 1389 4057 archidiacono
1423 3982 1467 4057 de
1495 3981 1747 4086 Stratheryn·

241 4111 405 4214 Ferguso
429 4111 567 4194 &lalisio
589 4110 754 4188 Gilberto
778 4111 945 4188 fratribus
965 4115 1054 4187 meis
1077 4113 1223 4190 ·Bricio
1242 4115 1388 4215 persone
1408 4114 1454 4189 de
1475 4114 1580 4192 Orese
1604 4158 1613 4176 ·
1634 4119 1748 4201 &leka

240 4243 326 4320 beth
340 4243 446 4325 aton
463 4289 472 4306 ·
489 4245 671 4321 Dnncano
690 4261 725 4321 et
743 4243 962 4322 Gillethoma
977 4245 1058 4321 filiis
1075 4246 1204 4330 cratini
1222 4287 1232 4306 ·
1251 4262 1287 4322 et
1303 4247 1422 4330 multis
1438 4245 1515 4322 aliis
1535 4267 1554 4308 ·'
