4450 6034
740 547 819 623 DE
846 543 1250 625 INGHAFFERY.
1706 553 1752 634 79

242 780 480 874 testimonium
498 805 687 855 commuue
706 778 855 878 figulum
873 766 1022 880 capituli
1043 779 1184 856 ecclefie
1207 781 1323 855 nostre
1339 777 1425 854 huic
1441 778 1569 882 scripto
1586 783 1750 884 apposui-

242 941 321 990 mus
339 957 349 976 ·
375 913 485 990 Teste
501 911 654 1014 capitulo
677 953 688 974 ·
712 912 813 988 Data
828 913 925 1015 apud
942 912 1119 988 Dunkeld
1135 939 1230 988 anuo
1245 912 1358 1013 gratio
1375 912 1552 998 ‹nillefimo
1569 925 1647 990 ec¹²⁰
1664 924 1752 990 xxr⁰

241 1051 364 1126 octauo
383 1091 393 1108 ·
413 1061 542 1147 quarto
558 1073 672 1124 uenas
689 1046 849 1145 Januarij
871 1089 880 1106 ·

243 1419 405 1522 Donum
430 1439 582 1516 Robcrti
606 1439 700 1542 regis
729 1440 775 1516 de
800 1441 883 1540 jure
909 1456 1119 1542 patronatus
1148 1442 1289 1520 eccleiis
1316 1445 1362 1521 do
1390 1445 1526 1550 Kyllyn
1552 1450 1615 1525 sub
1641 1449 1749 1550 sigillo

239 1582 372 1656 secreto
390 1619 399 1638 ·

177 1852 227 1924 82
242 1817 441 1919 Robcrtns
466 1838 540 1914 Dei
554 1837 669 1940 gratia
683 1863 748 1913 rex
767 1836 973 1913 Scottorum
989 1838 1155 1914 omnibus
1171 1839 1291 1941 probis
1306 1839 1512 1916 hominibus
1528 1841 1638 1917 totius
1655 1856 1748 1919 terre

242 1977 302 2052 sue
317 1975 466 2050 salutem
491 2015 500 2032 ·
528 1971 658 2047 Sciatis
678 1997 744 2046 nos
760 1970 890 2046 dediffe
912 1985 950 2046 et
970 1974 1163 2049 conceffifl’e
1185 1973 1269 2050 Deo
1292 1988 1329 2051 et
1350 1975 1453 2050 beate
1476 1975 1593 2059 &lario
1619 1976 1747 2077 virgini

242 2124 279 2184 et
294 2109 398 2183 beato
415 2103 576 2182 Jobanui
587 2100 741 2203 apostolo
758 2119 796 2178 et
812 2100 1026 2201 euangeliste
1042 2118 1080 2179 et
1095 2104 1267 2206 religiosis
1277 2106 1362 2182 viris
1376 2107 1496 2184 abbati
1507 2121 1543 2183 et
1553 2111 1747 2184 conuentui

242 2241 287 2316 de
314 2237 433 2314 Insula
458 2236 648 2320 aridarum
678 2233 718 2308 in
745 2258 874 2331 puram
904 2245 942 2309 et
970 2250 1181 2334 perpetuum
1206 2237 1428 2314 elemofinam
1452 2242 1515 2338 jus
1538 2255 1747 2341 patronatus

242 2369 382 2446 ecclelie
410 2369 456 2444 de
490 2365 629 2468 KleYn
657 2364 697 2439 in
722 2361 996 2465 Glendoclryrth
1022 2391 1106 2441 cum
1136 2369 1301 2443 omuibus
1328 2367 1551 2447 libertatibus
1575 2372 1748 2448 lrudlibus

243 2516 278 2579 et
293 2498 520 2601 pertinentijs
536 2495 750 2573 omnimodis
769 2495 817 2571 ad
834 2495 962 2571 didlam
978 2496 1154 2574 eoelefiam
1171 2498 1474 2600 qualitercumque
1487 2503 1747 2603 pertinentibus

243 2633 292 2710 ita
318 2647 440 2708 umen
465 2629 563 2728 quod
592 2627 676 2703 dieti
702 2627 811 2702 abbas
836 2641 873 2702 et
899 2641 1099 2704 conuentus
1124 2630 1161 2705 in
1187 2645 1403 2732 perpetuum
1427 2633 1613 2710 inuenient
1636 2662 1747 2709 vnum

242 2765 451 2842 canonicum
467 2762 592 2838 diuina
607 2761 846 2838 celebrantem
861 2760 899 2834 in
916 2760 1057 2837 ecclelia
1072 2763 1118 2838 de
1138 2737 1360 2841 Strathiulan
1380 2808 1388 2827 ·
1407 2766 1452 2842 In
1463 2771 1566 2867 cujus
1581 2769 1634 2844 rei
1651 2769 1747 2844 testi-

240 2900 402 2977 monium
427 2897 646 3000 presentibus
672 2895 822 2997 ligillum
846 2897 1004 2972 uulirum
1030 2897 1211 2994 priuatum
1236 2898 1384 2975 fecimus
1409 2901 1541 3002 apponi
1567 2942 1578 2963 ·
1607 2877 1747 2979 Datum

239 3033 337 3135 apud
355 3031 601 3109 Glakmsnauo
619 3070 628 3090 ·
647 3031 731 3130 xxvj
751 3068 762 3089 ·
778 3028 837 3106 die
853 3028 1038 3128 Februarij
1056 3057 1151 3106 anno
1167 3031 1269 3132 regni
1285 3031 1392 3108 nostri
1409 3032 1619 3109 duodecimo
1638 3079 1646 3094 ·

244 3405 368 3508 Carta
383 3430 533 3509 Robcrti
548 3429 644 3532 regis
659 3430 721 3505 sub
738 3455 868 3530 magno
884 3428 994 3530 figulo
1010 3429 1057 3505 de
1073 3430 1215 3506 ecclelia
1232 3430 1277 3506 de
1296 3431 1431 3534 Kyllyn
1450 3473 1458 3493 ·

171 3719 220 3788 83
240 3671 439 3774 Robertus
455 3695 513 3771 dei
528 3695 644 3796 gratia
658 3721 722 3771 rex
741 3693 947 3770 Scottorum
964 3696 1131 3770 omnibus
1153 3697 1275 3798 probis
1296 3697 1502 3776 homiuibus
1525 3699 1636 3776 totius
1652 3717 1745 3780 terre

237 3833 296 3907 lue
322 3845 396 3906 tam
425 3829 561 3906 clericis
586 3855 695 3929 quam
714 3826 814 3903 luicis
838 3827 984 3903 salutern
1012 3867 1022 3888 ·
1051 3828 1180 3904 Sciatis
1202 3854 1269 3906 nos
1285 3856 1350 3929 pro
1366 3832 1475 3909 salute
1497 3834 1615 3911 anime
1631 3837 1746 3912 nostre

236 3977 275 4038 et
299 3989 365 4064 pro
390 3962 499 4037 salute
522 3961 721 4036 animarum
754 3959 915 4034 omnium
943 3961 1195 4035 anteuefforum
1224 3975 1262 4038 et
1290 3962 1518 4041 succefi'orum
1547 3969 1744 4043 nostrorum

235 4121 368 4196 regum
386 4094 505 4170 Scotie
522 4093 653 4168 dediffe
668 4091 860 4167 eonceffifi'e
876 4106 913 4166 et
928 4091 996 4166 hac
1010 4093 1164 4192 presenti
1181 4107 1278 4169 carta
1293 4096 1410 4172 nostra
1432 4101 1648 4175 confirmasse
1660 4100 1744 4177 Deo

235 4243 274 4304 et
289 4229 393 4304 beate
409 4227 526 4310 alaris
540 4225 668 4326 virgini
685 4239 721 4300 et
736 4226 842 4300 beato
862 4223 888 4299 J
889 4224 1022 4300 obanni
1044 4225 1200 4327 apostolo
1221 4240 1258 4303 et
1280 4229 1494 4331 euangelisto
1519 4247 1555 4308 et
1571 4233 1743 4334 religiosis

235 4363 319 4438 riris
348 4361 470 4437 abbati
495 4374 534 4436 et
557 4358 750 4434 conuentui
780 4358 826 4434 de
852 4357 971 4433 Insula
995 4356 1180 4439 (lliffarum
1201 4361 1263 4459 jus
1291 4377 1502 4462 patronatus
1531 4365 1670 4443 ecclesie
1696 4369 1741 4442 de

237 4496 376 4598 Kytlyn
403 4497 441 4570 in
467 4493 683 4573 Glendorith
709 4493 925 4568 Tenendum
949 4508 986 4569 et
1009 4493 1216 4571 habendum
1241 4497 1341 4572 dieu
1365 4498 1530 4600 religiosis
1556 4516 1739 4577 eteorum

234 4630 481 4705 sueccfl'oribus
497 4629 537 4703 in
553 4640 764 4728 perpetuum
781 4652 863 4702 curu
880 4627 1046 4704 omnibus
1060 4628 1283 4706 libertatibus
1298 4632 1611 4708 commoditatibus
1627 4636 1739 4736 systa-
