<?xml version="1.0" encoding="UTF-8"?>
<!DOCTYPE html PUBLIC "-//W3C//DTD XHTML 1.0 Transitional//EN"
    "http://www.w3.org/TR/xhtml1/DTD/xhtml1-transitional.dtd">
<html xmlns="http://www.w3.org/1999/xhtml" xml:lang="en" lang="en">
 <head>
  <title>
</title>
<meta http-equiv="Content-Type" content="text/html;charset=utf-8" />
  <meta name='ocr-system' content='tesseract 3.04.00' />
  <meta name='ocr-capabilities' content='ocr_page ocr_carea ocr_par ocr_line ocrx_word'/>
</head>
<body>
  <div class='ocr_page' id='page_1' title='image "./liberinsulemiss01innegoog_0158.png"; bbox 0 0 4450 6034; ppageno 0'>
   <div class='ocr_carea' id='block_1_1' title="bbox 438 484 1370 566">
    <p class='ocr_par' dir='ltr' id='par_1_1' title="bbox 438 484 1370 566">
     <span class='ocr_line' id='line_1_1' title="bbox 438 484 1370 566; baseline -0.009 0"><span class='ocrx_word' id='word_1_1' title='bbox 438 497 486 566; x_wconf 75' lang='lat'><strong>80</strong></span> <span class='ocrx_word' id='word_1_2' title='bbox 1009 484 1370 563; x_wconf 82' lang='lat' dir='ltr'>REGISTRUM</span> 
     </span>
    </p>
   </div>
   <div class='ocr_carea' id='block_1_2' title="bbox 413 718 1987 1884">
    <p class='ocr_par' dir='ltr' id='par_1_2' title="bbox 438 718 1950 1486">
     <span class='ocr_line' id='line_1_2' title="bbox 438 718 1948 822; baseline -0.001 -25"><span class='ocrx_word' id='word_1_3' title='bbox 438 723 569 798; x_wconf 81' lang='lat' dir='ltr'><strong>mentis</strong></span> <span class='ocrx_word' id='word_1_4' title='bbox 592 736 629 797; x_wconf 91' lang='lat' dir='ltr'><strong>et</strong></span> <span class='ocrx_word' id='word_1_5' title='bbox 649 722 753 820; x_wconf 82' lang='lat' dir='ltr'><strong>justis</strong></span> <span class='ocrx_word' id='word_1_6' title='bbox 777 721 1004 822; x_wconf 81' lang='lat' dir='ltr'><strong>pertinentije</strong></span> <span class='ocrx_word' id='word_1_7' title='bbox 1020 721 1090 794; x_wconf 81' lang='lat' dir='ltr'><strong>suis</strong></span> <span class='ocrx_word' id='word_1_8' title='bbox 1115 719 1155 794; x_wconf 89' lang='lat' dir='ltr'><strong>in</strong></span> <span class='ocrx_word' id='word_1_9' title='bbox 1180 718 1329 794; x_wconf 79' lang='lat' dir='ltr'><strong>liberum</strong></span> <span class='ocrx_word' id='word_1_10' title='bbox 1355 745 1482 818; x_wconf 81' lang='lat' dir='ltr'><strong>purum</strong></span> <span class='ocrx_word' id='word_1_11' title='bbox 1509 733 1547 795; x_wconf 87' lang='lat' dir='ltr'><strong>et</strong></span> <span class='ocrx_word' id='word_1_12' title='bbox 1578 733 1790 819; x_wconf 79' lang='lat' dir='ltr'><strong>perpetuum</strong></span> <span class='ocrx_word' id='word_1_13' title='bbox 1814 720 1948 797; x_wconf 87' lang='lat' dir='ltr'><strong>elemo-</strong></span> 
     </span>
     <span class='ocr_line' id='line_1_3' title="bbox 439 851 1949 954; baseline -0.001 -23"><span class='ocrx_word' id='word_1_14' title='bbox 439 860 548 932; x_wconf 81' lang='lat' dir='ltr'><strong>finam</strong></span> <span class='ocrx_word' id='word_1_15' title='bbox 579 855 670 930; x_wconf 77' lang='lat' dir='ltr'><strong>adeo</strong></span> <span class='ocrx_word' id='word_1_16' title='bbox 694 854 804 929; x_wconf 88' lang='lat' dir='ltr'><strong>libere</strong></span> <span class='ocrx_word' id='word_1_17' title='bbox 830 867 867 930; x_wconf 89' lang='lat' dir='ltr'><strong>et</strong></span> <span class='ocrx_word' id='word_1_18' title='bbox 896 856 1018 954; x_wconf 88' lang='lat' dir='ltr'><strong>quiete</strong></span> <span class='ocrx_word' id='word_1_19' title='bbox 1043 851 1201 954; x_wconf 75' lang='lat' dir='ltr'><strong>plenarie</strong></span> <span class='ocrx_word' id='word_1_20' title='bbox 1228 864 1265 928; x_wconf 88' lang='lat' dir='ltr'><strong>et</strong></span> <span class='ocrx_word' id='word_1_21' title='bbox 1289 851 1486 928; x_wconf 85' lang='lat' dir='ltr'><strong>honorilice</strong></span> <span class='ocrx_word' id='word_1_22' title='bbox 1508 854 1596 928; x_wconf 88' lang='lat' dir='ltr'><strong>sicut</strong></span> <span class='ocrx_word' id='word_1_23' title='bbox 1622 852 1739 953; x_wconf 79' lang='lat' dir='ltr'><strong>ulique</strong></span> <span class='ocrx_word' id='word_1_24' title='bbox 1762 853 1949 930; x_wconf 79' lang='lat' dir='ltr'><strong>elemosina</strong></span> 
     </span>
     <span class='ocr_line' id='line_1_4' title="bbox 441 982 1949 1088; baseline -0.002 -26"><span class='ocrx_word' id='word_1_25' title='bbox 441 989 478 1062; x_wconf 92' lang='lat' dir='ltr'><strong>in</strong></span> <span class='ocrx_word' id='word_1_26' title='bbox 503 1013 614 1088; x_wconf 82' lang='lat' dir='ltr'><strong>regno</strong></span> <span class='ocrx_word' id='word_1_27' title='bbox 641 985 762 1061; x_wconf 89' lang='lat' dir='ltr'><strong>Scotie</strong></span> <span class='ocrx_word' id='word_1_28' title='bbox 781 1011 847 1086; x_wconf 91' lang='lat' dir='ltr'><strong>per</strong></span> <span class='ocrx_word' id='word_1_29' title='bbox 871 1010 936 1060; x_wconf 86' lang='lat' dir='ltr'><strong>noe</strong></span> <span class='ocrx_word' id='word_1_30' title='bbox 952 999 1016 1060; x_wconf 82' lang='lat' dir='ltr'><strong>aut</strong></span> <span class='ocrx_word' id='word_1_31' title='bbox 1038 984 1294 1086; x_wconf 78' lang='lat' dir='ltr'><strong>predeccffores</strong></span> <span class='ocrx_word' id='word_1_32' title='bbox 1315 985 1451 1058; x_wconf 82' lang='lat' dir='ltr'><strong>nostros</strong></span> <span class='ocrx_word' id='word_1_33' title='bbox 1467 982 1643 1083; x_wconf 75' lang='lat' dir='ltr'>aliquibus</span> <span class='ocrx_word' id='word_1_34' title='bbox 1665 985 1705 1059; x_wconf 94' lang='lat' dir='ltr'><strong>in</strong></span> <span class='ocrx_word' id='word_1_35' title='bbox 1725 983 1949 1061; x_wconf 82' lang='lat' dir='ltr'><strong>elemosinam</strong></span> 
     </span>
     <span class='ocr_line' id='line_1_5' title="bbox 441 1116 1949 1217; baseline -0.001 -21"><span class='ocrx_word' id='word_1_36' title='bbox 441 1121 598 1196; x_wconf 81' lang='lat' dir='ltr'><strong>concessa</strong></span> <span class='ocrx_word' id='word_1_37' title='bbox 619 1118 763 1194; x_wconf 81' lang='lat' dir='ltr'><strong>liberius</strong></span> <span class='ocrx_word' id='word_1_38' title='bbox 788 1118 847 1193; x_wconf 90' lang='lat' dir='ltr'><strong>seu</strong></span> <span class='ocrx_word' id='word_1_39' title='bbox 863 1117 1023 1217; x_wconf 82' lang='lat' dir='ltr'><strong>quiecius</strong></span> <span class='ocrx_word' id='word_1_40' title='bbox 1045 1130 1190 1192; x_wconf 89' lang='lat' dir='ltr'><strong>tenetur</strong></span> <span class='ocrx_word' id='word_1_41' title='bbox 1206 1117 1266 1191; x_wconf 88' lang='lat' dir='ltr'><strong>seu</strong></span> <span class='ocrx_word' id='word_1_42' title='bbox 1290 1117 1481 1216; x_wconf 84' lang='lat' dir='ltr'><strong>poffidetur</strong></span> <span class='ocrx_word' id='word_1_43' title='bbox 1505 1157 1516 1178; x_wconf 92' lang='lat'><strong>·</strong></span> <span class='ocrx_word' id='word_1_44' title='bbox 1544 1116 1589 1191; x_wconf 91' lang='lat' dir='ltr'><strong>ln</strong></span> <span class='ocrx_word' id='word_1_45' title='bbox 1606 1121 1706 1216; x_wconf 82' lang='lat' dir='ltr'><strong>cujus</strong></span> <span class='ocrx_word' id='word_1_46' title='bbox 1723 1119 1775 1192; x_wconf 90' lang='lat' dir='ltr'><strong>rei</strong></span> <span class='ocrx_word' id='word_1_47' title='bbox 1797 1120 1949 1194; x_wconf 85' lang='lat' dir='ltr'><strong>testimo-</strong></span> 
     </span>
     <span class='ocr_line' id='line_1_6' title="bbox 443 1247 1950 1350; baseline 0 -24"><span class='ocrx_word' id='word_1_48' title='bbox 443 1253 544 1326; x_wconf 92' lang='lat' dir='ltr'><strong>nium</strong></span> <span class='ocrx_word' id='word_1_49' title='bbox 564 1251 717 1350; x_wconf 84' lang='lat' dir='ltr'>presenti</span> <span class='ocrx_word' id='word_1_50' title='bbox 737 1263 834 1326; x_wconf 79' lang='lat' dir='ltr'><strong>curte</strong></span> <span class='ocrx_word' id='word_1_51' title='bbox 853 1251 968 1325; x_wconf 75' lang='lat' dir='ltr'><strong>nostre</strong></span> <span class='ocrx_word' id='word_1_52' title='bbox 990 1250 1149 1324; x_wconf 87' lang='lat' dir='ltr'><strong>nostrum</strong></span> <span class='ocrx_word' id='word_1_53' title='bbox 1173 1247 1396 1349; x_wconf 80' lang='lat' dir='ltr'><strong>precepimus</strong></span> <span class='ocrx_word' id='word_1_54' title='bbox 1415 1249 1548 1347; x_wconf 82' lang='lat' dir='ltr'><strong>apponi</strong></span> <span class='ocrx_word' id='word_1_55' title='bbox 1572 1249 1723 1350; x_wconf 85' lang='lat' dir='ltr'><strong>sigillum</strong></span> <span class='ocrx_word' id='word_1_56' title='bbox 1750 1294 1759 1312; x_wconf 91' lang='lat'><strong>·</strong></span> <span class='ocrx_word' id='word_1_57' title='bbox 1786 1250 1950 1328; x_wconf 81' lang='lat' dir='ltr'><strong>Teslibus</strong></span> 
     </span>
     <span class='ocr_line' id='line_1_7' title="bbox 445 1379 1950 1486; baseline 0.003 -29"><span class='ocrx_word' id='word_1_58' title='bbox 445 1382 629 1459; x_wconf 82' lang='lat' dir='ltr'><strong>Bemardo</strong></span> <span class='ocrx_word' id='word_1_59' title='bbox 645 1383 775 1458; x_wconf 80' lang='lat' dir='ltr'>abbate</span> <span class='ocrx_word' id='word_1_60' title='bbox 792 1381 838 1457; x_wconf 89' lang='lat' dir='ltr'><strong>de</strong></span> <span class='ocrx_word' id='word_1_61' title='bbox 849 1380 1121 1456; x_wconf 82' lang='lat' dir='ltr'><strong>Abbirbrothok</strong></span> <span class='ocrx_word' id='word_1_62' title='bbox 1133 1379 1341 1456; x_wconf 70' lang='lat' dir='ltr'><strong>cancellario</strong></span> <span class='ocrx_word' id='word_1_63' title='bbox 1354 1382 1470 1458; x_wconf 85' lang='lat' dir='ltr'><strong>nostro</strong></span> <span class='ocrx_word' id='word_1_64' title='bbox 1488 1423 1497 1442; x_wconf 90' lang='lat'><strong>·</strong></span> <span class='ocrx_word' id='word_1_65' title='bbox 1516 1379 1695 1457; x_wconf 91' lang='lat' dir='ltr'><strong>Willelmo</strong></span> <span class='ocrx_word' id='word_1_66' title='bbox 1710 1382 1756 1458; x_wconf 81' lang='lat' dir='ltr'><strong>(le</strong></span> <span class='ocrx_word' id='word_1_67' title='bbox 1773 1383 1950 1486; x_wconf 65' lang='lat' dir='ltr'><strong>Lindesui</strong></span> 
     </span>
    </p>

    <p class='ocr_par' dir='ltr' id='par_1_3' title="bbox 413 1509 1987 1884">
     <span class='ocr_line' id='line_1_8' title="bbox 413 1509 1951 1617; baseline 0.003 -31"><span class='ocrx_word' id='word_1_68' title='bbox 413 1572 420 1586; x_wconf 84' lang='lat'>.</span> <span class='ocrx_word' id='word_1_69' title='bbox 445 1516 636 1592; x_wconf 76' lang='lat' dir='ltr'><strong>camerario</strong></span> <span class='ocrx_word' id='word_1_70' title='bbox 653 1516 770 1588; x_wconf 84' lang='lat' dir='ltr'><strong>nostro</strong></span> <span class='ocrx_word' id='word_1_71' title='bbox 789 1555 798 1572; x_wconf 92' lang='lat'><strong>·</strong></span> <span class='ocrx_word' id='word_1_72' title='bbox 816 1511 976 1588; x_wconf 79' lang='lat' dir='ltr'><strong>Waltero</strong></span> <span class='ocrx_word' id='word_1_73' title='bbox 992 1509 1173 1588; x_wconf 75' lang='grc'>1666166116</span> <span class='ocrx_word' id='word_1_74' title='bbox 1193 1511 1340 1588; x_wconf 86' lang='lat' dir='ltr'><strong>Scotie·</strong></span> <span class='ocrx_word' id='word_1_75' title='bbox 1363 1512 1499 1588; x_wconf 82' lang='lat' dir='ltr'><strong>Jacobo</strong></span> <span class='ocrx_word' id='word_1_76' title='bbox 1516 1512 1660 1589; x_wconf 87' lang='lat' dir='ltr'><strong>domino</strong></span> <span class='ocrx_word' id='word_1_77' title='bbox 1677 1514 1722 1590; x_wconf 94' lang='grc'><strong>(16</strong></span> <span class='ocrx_word' id='word_1_78' title='bbox 1738 1515 1923 1617; x_wconf 82' lang='lat' dir='ltr'><strong>Dowglnss</strong></span> <span class='ocrx_word' id='word_1_79' title='bbox 1942 1555 1951 1578; x_wconf 89' lang='lat'><strong>·</strong></span> 
     </span>
     <span class='ocr_line' id='line_1_9' title="bbox 448 1642 1951 1728; baseline -0.002 -1"><span class='ocrx_word' id='word_1_80' title='bbox 448 1652 606 1728; x_wconf 86' lang='lat' dir='ltr'><strong>Roberto</strong></span> <span class='ocrx_word' id='word_1_81' title='bbox 635 1649 679 1723; x_wconf 88' lang='lat' dir='ltr'><strong>de</strong></span> <span class='ocrx_word' id='word_1_82' title='bbox 707 1646 806 1722; x_wconf 89' lang='lat' dir='ltr'><strong>Keth</strong></span> <span class='ocrx_word' id='word_1_83' title='bbox 833 1642 1028 1720; x_wconf 82' lang='lat' dir='ltr'><strong>mariscallo</strong></span> <span class='ocrx_word' id='word_1_84' title='bbox 1055 1647 1172 1720; x_wconf 80' lang='lat' dir='ltr'><strong>nostro</strong></span> <span class='ocrx_word' id='word_1_85' title='bbox 1204 1687 1213 1708; x_wconf 92' lang='lat'><strong>·</strong></span> <span class='ocrx_word' id='word_1_86' title='bbox 1241 1645 1407 1721; x_wconf 79' lang='lat' dir='ltr'><strong>Johennc</strong></span> <span class='ocrx_word' id='word_1_87' title='bbox 1432 1643 1584 1720; x_wconf 81' lang='lat' dir='ltr'><strong>wiffard</strong></span> <span class='ocrx_word' id='word_1_88' title='bbox 1608 1658 1646 1722; x_wconf 89' lang='lat' dir='ltr'><strong>et</strong></span> <span class='ocrx_word' id='word_1_89' title='bbox 1672 1646 1880 1724; x_wconf 81' lang='lat' dir='ltr'><strong>Alexandro</strong></span> <span class='ocrx_word' id='word_1_90' title='bbox 1907 1649 1951 1724; x_wconf 91' lang='lat' dir='ltr'><strong>de</strong></span> 
     </span>
     <span class='ocr_line' id='line_1_10' title="bbox 449 1779 1987 1884; baseline 0.001 -28"><span class='ocrx_word' id='word_1_91' title='bbox 449 1785 586 1862; x_wconf 85' lang='lat' dir='ltr'><strong>Setoun</strong></span> <span class='ocrx_word' id='word_1_92' title='bbox 602 1781 770 1864; x_wconf 72' lang='lat' dir='ltr'>militibus</span> <span class='ocrx_word' id='word_1_93' title='bbox 794 1820 803 1836; x_wconf 94' lang='lat'><strong>·</strong></span> <span class='ocrx_word' id='word_1_94' title='bbox 830 1779 943 1876; x_wconf 87' lang='lat' dir='ltr'><strong>Apud</strong></span> <span class='ocrx_word' id='word_1_95' title='bbox 960 1779 1173 1880; x_wconf 82' lang='lat' dir='ltr'><strong>Berwycum</strong></span> <span class='ocrx_word' id='word_1_96' title='bbox 1190 1781 1293 1881; x_wconf 90' lang='lat' dir='ltr'><strong>super</strong></span> <span class='ocrx_word' id='word_1_97' title='bbox 1309 1779 1482 1853; x_wconf 82' lang='lat' dir='ltr'><strong>Twedam</strong></span> <span class='ocrx_word' id='word_1_98' title='bbox 1503 1779 1715 1856; x_wconf 89' lang='lat' dir='ltr'><strong>duodecimo</strong></span> <span class='ocrx_word' id='word_1_99' title='bbox 1739 1782 1795 1858; x_wconf 90' lang='lat' dir='ltr'><strong>die</strong></span> <span class='ocrx_word' id='word_1_100' title='bbox 1819 1783 1953 1884; x_wconf 83' lang='lat' dir='ltr'>Aprilis</span> <span class='ocrx_word' id='word_1_101' title='bbox 1981 1803 1987 1812; x_wconf 85' lang='lat'>&#39;</span> 
     </span>
    </p>
   </div>
   <div class='ocr_carea' id='block_1_3' title="bbox 448 1912 1088 2016">
    <p class='ocr_par' dir='ltr' id='par_1_4' title="bbox 448 1912 1088 2016">
     <span class='ocr_line' id='line_1_11' title="bbox 448 1912 1088 2016; baseline -0.009 -23"><span class='ocrx_word' id='word_1_102' title='bbox 448 1945 543 1994; x_wconf 82' lang='lat' dir='ltr'><strong>anno</strong></span> <span class='ocrx_word' id='word_1_103' title='bbox 558 1915 660 2016; x_wconf 84' lang='lat' dir='ltr'><strong>regni</strong></span> <span class='ocrx_word' id='word_1_104' title='bbox 676 1912 784 1988; x_wconf 86' lang='lat' dir='ltr'><strong>nostri</strong></span> <span class='ocrx_word' id='word_1_105' title='bbox 801 1913 905 1988; x_wconf 88' lang='lat' dir='ltr'><strong>tertio</strong></span> <span class='ocrx_word' id='word_1_106' title='bbox 924 1912 1061 1987; x_wconf 89' lang='lat' dir='ltr'><strong>decimo</strong></span> <span class='ocrx_word' id='word_1_107' title='bbox 1078 1952 1088 1975; x_wconf 90' lang='lat'><strong>·</strong></span> 
     </span>
    </p>
   </div>
   <div class='ocr_carea' id='block_1_4' title="bbox 453 2290 1681 2416">
    <p class='ocr_par' dir='ltr' id='par_1_5' title="bbox 453 2290 1681 2416">
     <span class='ocr_line' id='line_1_12' title="bbox 453 2290 1681 2416; baseline -0.003 -24"><span class='ocrx_word' id='word_1_108' title='bbox 453 2290 698 2392; x_wconf 69' lang='lat' dir='ltr'><strong>Confirmatio</strong></span> <span class='ocrx_word' id='word_1_109' title='bbox 715 2311 885 2388; x_wconf 70' lang='lat' dir='ltr'><strong>wuumi</strong></span> <span class='ocrx_word' id='word_1_110' title='bbox 902 2311 1054 2413; x_wconf 77' lang='lat' dir='ltr'><strong>episcopi</strong></span> <span class='ocrx_word' id='word_1_111' title='bbox 1070 2312 1173 2410; x_wconf 71' lang='lat' dir='ltr'><strong>super</strong></span> <span class='ocrx_word' id='word_1_112' title='bbox 1189 2311 1281 2388; x_wconf 68' lang='lat' dir='ltr'><strong>uua</strong></span> <span class='ocrx_word' id='word_1_113' title='bbox 1297 2313 1437 2388; x_wconf 66' lang='grc'>6666</span> <span class='ocrx_word' id='word_1_114' title='bbox 1454 2313 1499 2388; x_wconf 70' lang='lat' dir='ltr'><strong>ue</strong></span> <span class='ocrx_word' id='word_1_115' title='bbox 1518 2313 1681 2416; x_wconf 69' lang='lat' dir='ltr'><strong>uyuyn.</strong></span> 
     </span>
    </p>
   </div>
   <div class='ocr_carea' id='block_1_5' title="bbox 385 2557 1959 3613">
    <p class='ocr_par' dir='ltr' id='par_1_6' title="bbox 385 2557 1959 3613">
     <span class='ocr_line' id='line_1_13' title="bbox 385 2557 1957 2682; baseline 0.003 -26"><span class='ocrx_word' id='word_1_116' title='bbox 385 2587 433 2656; x_wconf 79' lang='lat'><strong>84</strong></span> <span class='ocrx_word' id='word_1_117' title='bbox 450 2557 648 2659; x_wconf 81' lang='lat' dir='ltr'><strong>Vniuersu</strong></span> <span class='ocrx_word' id='word_1_118' title='bbox 673 2581 787 2655; x_wconf 78' lang='grc'>166116</span> <span class='ocrx_word' id='word_1_119' title='bbox 811 2579 931 2661; x_wconf 76' lang='lat' dir='ltr'><strong>matris</strong></span> <span class='ocrx_word' id='word_1_120' title='bbox 956 2577 1096 2654; x_wconf 72' lang='lat' dir='ltr'><strong>ecclesie</strong></span> <span class='ocrx_word' id='word_1_121' title='bbox 1121 2577 1204 2677; x_wconf 85' lang='lat' dir='ltr'><strong>filijs</strong></span> <span class='ocrx_word' id='word_1_122' title='bbox 1227 2580 1274 2654; x_wconf 88' lang='lat' dir='ltr'><strong>ud</strong></span> <span class='ocrx_word' id='word_1_123' title='bbox 1294 2605 1383 2678; x_wconf 84' lang='lat' dir='ltr'><strong>quos</strong></span> <span class='ocrx_word' id='word_1_124' title='bbox 1407 2581 1584 2680; x_wconf 75' lang='lat' dir='ltr'><strong>presentes</strong></span> <span class='ocrx_word' id='word_1_125' title='bbox 1604 2580 1707 2657; x_wconf 86' lang='lat' dir='ltr'><strong>litere</strong></span> <span class='ocrx_word' id='word_1_126' title='bbox 1729 2585 1957 2682; x_wconf 88' lang='lat' dir='ltr'><strong>peruenerint</strong></span> 
     </span>
     <span class='ocr_line' id='line_1_14' title="bbox 452 2709 1957 2796; baseline 0.001 -7"><span class='ocrx_word' id='word_1_127' title='bbox 452 2714 652 2790; x_wconf 82' lang='lat' dir='ltr'><strong>Willelmuo</strong></span> <span class='ocrx_word' id='word_1_128' title='bbox 669 2712 889 2787; x_wconf 81' lang='lat' dir='ltr'><strong>miseratione</strong></span> <span class='ocrx_word' id='word_1_129' title='bbox 905 2711 1030 2785; x_wconf 83' lang='lat' dir='ltr'><strong>diuina</strong></span> <span class='ocrx_word' id='word_1_130' title='bbox 1046 2709 1185 2786; x_wconf 86' lang='lat' dir='ltr'><strong>ecclesie</strong></span> <span class='ocrx_word' id='word_1_131' title='bbox 1202 2711 1465 2788; x_wconf 85' lang='lat' dir='ltr'><strong>Dunkeldeniis</strong></span> <span class='ocrx_word' id='word_1_132' title='bbox 1481 2714 1635 2796; x_wconf 81' lang='grc'>(61611166</span> <span class='ocrx_word' id='word_1_133' title='bbox 1653 2715 1795 2792; x_wconf 79' lang='lat' dir='ltr'><strong>humilis</strong></span> <span class='ocrx_word' id='word_1_134' title='bbox 1812 2716 1957 2794; x_wconf 80' lang='lat' dir='ltr'><strong>salutem</strong></span> 
     </span>
     <span class='ocr_line' id='line_1_15' title="bbox 451 2842 1958 2944; baseline 0.001 -20"><span class='ocrx_word' id='word_1_135' title='bbox 451 2851 491 2924; x_wconf 90' lang='lat' dir='ltr'><strong>in</strong></span> <span class='ocrx_word' id='word_1_136' title='bbox 509 2847 654 2923; x_wconf 91' lang='lat' dir='ltr'><strong>domino</strong></span> <span class='ocrx_word' id='word_1_137' title='bbox 679 2845 928 2944; x_wconf 82' lang='lat' dir='ltr'><strong>sempiternam</strong></span> <span class='ocrx_word' id='word_1_138' title='bbox 955 2886 964 2904; x_wconf 94' lang='lat'><strong>·</strong></span> <span class='ocrx_word' id='word_1_139' title='bbox 990 2842 1146 2919; x_wconf 90' lang='lat' dir='ltr'><strong>Nouerit</strong></span> <span class='ocrx_word' id='word_1_140' title='bbox 1168 2845 1372 2920; x_wconf 80' lang='lat' dir='ltr'><strong>uniuersitus</strong></span> <span class='ocrx_word' id='word_1_141' title='bbox 1394 2847 1507 2921; x_wconf 84' lang='lat' dir='ltr'><strong>vestra</strong></span> <span class='ocrx_word' id='word_1_142' title='bbox 1529 2874 1594 2923; x_wconf 84' lang='lat' dir='ltr'><strong>nos</strong></span> <span class='ocrx_word' id='word_1_143' title='bbox 1614 2848 1660 2924; x_wconf 88' lang='grc'><strong>(16</strong></span> <span class='ocrx_word' id='word_1_144' title='bbox 1682 2851 1848 2926; x_wconf 76' lang='lat' dir='ltr'><strong>unanimo</strong></span> <span class='ocrx_word' id='word_1_145' title='bbox 1872 2879 1958 2925; x_wconf 90' lang='lat' dir='ltr'><strong>con-</strong></span> 
     </span>
     <span class='ocr_line' id='line_1_16' title="bbox 453 2977 1958 3084; baseline 0.001 -26"><span class='ocrx_word' id='word_1_146' title='bbox 453 2984 551 3060; x_wconf 87' lang='lat' dir='ltr'><strong>sensu</strong></span> <span class='ocrx_word' id='word_1_147' title='bbox 573 2997 611 3058; x_wconf 88' lang='lat' dir='ltr'><strong>et</strong></span> <span class='ocrx_word' id='word_1_148' title='bbox 633 2980 765 3057; x_wconf 84' lang='lat' dir='ltr'><strong>effensu</strong></span> <span class='ocrx_word' id='word_1_149' title='bbox 782 2977 928 3077; x_wconf 79' lang='lat' dir='ltr'><strong>capituli</strong></span> <span class='ocrx_word' id='word_1_150' title='bbox 947 2977 1055 3052; x_wconf 86' lang='lat' dir='ltr'><strong>nostri</strong></span> <span class='ocrx_word' id='word_1_151' title='bbox 1076 2977 1199 3052; x_wconf 78' lang='lat' dir='ltr'><strong>habito</strong></span> <span class='ocrx_word' id='word_1_152' title='bbox 1214 2979 1318 3079; x_wconf 89' lang='lat' dir='ltr'><strong>super</strong></span> <span class='ocrx_word' id='word_1_153' title='bbox 1334 2977 1401 3054; x_wconf 91' lang='lat' dir='ltr'><strong>hoc</strong></span> <span class='ocrx_word' id='word_1_154' title='bbox 1424 2979 1522 3078; x_wconf 78' lang='lat' dir='ltr'><strong>piiun</strong></span> <span class='ocrx_word' id='word_1_155' title='bbox 1544 2981 1637 3056; x_wconf 88' lang='lat' dir='ltr'><strong>inter</strong></span> <span class='ocrx_word' id='word_1_156' title='bbox 1656 3008 1723 3057; x_wconf 83' lang='lat' dir='ltr'><strong>noe</strong></span> <span class='ocrx_word' id='word_1_157' title='bbox 1744 2983 1783 3058; x_wconf 91' lang='lat' dir='ltr'><strong>in</strong></span> <span class='ocrx_word' id='word_1_158' title='bbox 1805 2984 1958 3084; x_wconf 79' lang='lat' dir='ltr'><strong>capitulo</strong></span> 
     </span>
     <span class='ocr_line' id='line_1_17' title="bbox 453 3095 1959 3214; baseline 0.001 -24"><span class='ocrx_word' id='word_1_159' title='bbox 453 3117 570 3191; x_wconf 82' lang='lat' dir='ltr'><strong>nostro</strong></span> <span class='ocrx_word' id='word_1_160' title='bbox 592 3111 754 3214; x_wconf 79' lang='lat' dir='ltr'>diligenti</span> <span class='ocrx_word' id='word_1_161' title='bbox 779 3122 817 3186; x_wconf 88' lang='lat' dir='ltr'><strong>et</strong></span> <span class='ocrx_word' id='word_1_162' title='bbox 832 3109 1011 3209; x_wconf 81' lang='lat' dir='ltr'><strong>frequenti</strong></span> <span class='ocrx_word' id='word_1_163' title='bbox 1026 3135 1069 3184; x_wconf 81' lang='grc'><strong>66</strong></span> <span class='ocrx_word' id='word_1_164' title='bbox 1085 3107 1257 3207; x_wconf 84' lang='lat' dir='ltr'><strong>solempni</strong></span> <span class='ocrx_word' id='word_1_165' title='bbox 1280 3123 1435 3186; x_wconf 82' lang='lat' dir='ltr'><strong>tractatu</strong></span> <span class='ocrx_word' id='word_1_166' title='bbox 1452 3111 1605 3187; x_wconf 79' lang='lat' dir='ltr'><strong>caritatis</strong></span> <span class='ocrx_word' id='word_1_167' title='bbox 1623 3095 1756 3188; x_wconf 89' lang='lat' dir='ltr'><strong>intuitu</strong></span> <span class='ocrx_word' id='word_1_168' title='bbox 1775 3139 1840 3212; x_wconf 87' lang='lat' dir='ltr'><strong>pro</strong></span> <span class='ocrx_word' id='word_1_169' title='bbox 1860 3115 1959 3191; x_wconf 89' lang='lat' dir='ltr'><strong>cultu</strong></span> 
     </span>
     <span class='ocr_line' id='line_1_18' title="bbox 453 3241 1957 3348; baseline -0.001 -23"><span class='ocrx_word' id='word_1_170' title='bbox 453 3248 576 3325; x_wconf 90' lang='lat' dir='ltr'><strong>diuino</strong></span> <span class='ocrx_word' id='word_1_171' title='bbox 593 3245 757 3348; x_wconf 81' lang='lat' dir='ltr'><strong>augendo</strong></span> <span class='ocrx_word' id='word_1_172' title='bbox 775 3259 812 3320; x_wconf 86' lang='lat' dir='ltr'><strong>et</strong></span> <span class='ocrx_word' id='word_1_173' title='bbox 827 3241 1062 3340; x_wconf 75' lang='lat' dir='ltr'><strong>hospitalitate</strong></span> <span class='ocrx_word' id='word_1_174' title='bbox 1077 3243 1235 3317; x_wconf 81' lang='lat' dir='ltr'><strong>tenendo</strong></span> <span class='ocrx_word' id='word_1_175' title='bbox 1251 3243 1443 3318; x_wconf 80' lang='lat' dir='ltr'><strong>conceffifi‘e</strong></span> <span class='ocrx_word' id='word_1_176' title='bbox 1460 3257 1497 3320; x_wconf 89' lang='lat' dir='ltr'><strong>et</strong></span> <span class='ocrx_word' id='word_1_177' title='bbox 1513 3245 1694 3321; x_wconf 81' lang='lat' dir='ltr'><strong>contulisse</strong></span> <span class='ocrx_word' id='word_1_178' title='bbox 1710 3247 1957 3348; x_wconf 88' lang='lat' dir='ltr'><strong>inperpetuum</strong></span> 
     </span>
     <span class='ocr_line' id='line_1_19' title="bbox 452 3373 1959 3482; baseline -0.001 -27"><span class='ocrx_word' id='word_1_179' title='bbox 452 3379 623 3481; x_wconf 83' lang='lat' dir='ltr'><strong>neligioiie</strong></span> <span class='ocrx_word' id='word_1_180' title='bbox 640 3377 722 3452; x_wconf 84' lang='lat' dir='ltr'><strong>viris</strong></span> <span class='ocrx_word' id='word_1_181' title='bbox 739 3375 860 3450; x_wconf 80' lang='lat' dir='ltr'><strong>abbati</strong></span> <span class='ocrx_word' id='word_1_182' title='bbox 877 3375 921 3450; x_wconf 89' lang='lat' dir='ltr'><strong>de</strong></span> <span class='ocrx_word' id='word_1_183' title='bbox 939 3373 1058 3449; x_wconf 79' lang='lat' dir='ltr'><strong>Insula</strong></span> <span class='ocrx_word' id='word_1_184' title='bbox 1073 3373 1260 3457; x_wconf 62' lang='lat' dir='ltr'><strong>missarum</strong></span> <span class='ocrx_word' id='word_1_185' title='bbox 1273 3388 1310 3449; x_wconf 88' lang='lat' dir='ltr'><strong>et</strong></span> <span class='ocrx_word' id='word_1_186' title='bbox 1324 3375 1501 3450; x_wconf 80' lang='lat' dir='ltr'><strong>canonicis</strong></span> <span class='ocrx_word' id='word_1_187' title='bbox 1514 3375 1669 3478; x_wconf 89' lang='lat' dir='ltr'><strong>ejusdem</strong></span> <span class='ocrx_word' id='word_1_188' title='bbox 1681 3379 1876 3479; x_wconf 75' lang='lat' dir='ltr'><strong>monasterij</strong></span> <span class='ocrx_word' id='word_1_189' title='bbox 1895 3406 1959 3482; x_wconf 88' lang='lat' dir='ltr'><strong>per</strong></span> 
     </span>
     <span class='ocr_line' id='line_1_20' title="bbox 453 3508 1955 3613; baseline -0.01 -25"><span class='ocrx_word' id='word_1_190' title='bbox 453 3513 711 3613; x_wconf 86' lang='lat' dir='ltr'><strong>dispositionem</strong></span> <span class='ocrx_word' id='word_1_191' title='bbox 727 3510 779 3585; x_wconf 88' lang='lat' dir='ltr'><strong>sni</strong></span> <span class='ocrx_word' id='word_1_192' title='bbox 794 3509 932 3584; x_wconf 75' lang='lat' dir='ltr'><strong>abbatis</strong></span> <span class='ocrx_word' id='word_1_193' title='bbox 948 3508 1031 3584; x_wconf 90' lang='lat' dir='ltr'><strong>Deo</strong></span> <span class='ocrx_word' id='word_1_194' title='bbox 1048 3508 1087 3582; x_wconf 91' lang='lat' dir='ltr'><strong>in</strong></span> <span class='ocrx_word' id='word_1_195' title='bbox 1104 3521 1319 3609; x_wconf 84' lang='lat' dir='ltr'><strong>perpetuum</strong></span> <span class='ocrx_word' id='word_1_196' title='bbox 1388 3549 1955 3574; x_wconf 87' lang='lat'><strong>······</strong></span> 
     </span>
    </p>
   </div>
   <div class='ocr_carea' id='block_1_6' title="bbox 0 0 2258 6034">
    <p class='ocr_par' dir='ltr' id='par_1_7' title="bbox 0 0 2258 6034">
     <span class='ocr_line' id='line_1_21' title="bbox 0 0 2258 6034; baseline 0 0"><span class='ocrx_word' id='word_1_197' title='bbox 0 0 2258 6034; x_wconf 95' lang='lat' dir='ltr'><strong> </strong></span> 
     </span>
    </p>
   </div>
  </div>
 </body>
</html>
