4450 6034
745 521 823 596 DE
852 519 1251 600 INOHAFFERY.
1705 521 1754 594 29
1800 547 1805 558 ·

242 769 281 830 ot
295 755 482 830 semitorio
502 751 619 828 lotum
634 721 828 838 roolendini
842 753 946 854 super
962 752 1098 830 Poffrin
1123 756 1160 829 in
1184 768 1280 830 terra
1296 755 1342 830 do
1360 754 1653 857 Bollmnkgillono
1669 777 1751 830 orum

242 886 333 963 tosto
362 901 401 962 et
422 887 547 986 stagno
572 899 610 960 ot
630 884 707 960 aliis
733 886 953 986 aytinmentio
978 911 1048 986 quo
1074 887 1256 987 pertinent
1281 887 1329 962 ad
1354 887 1600 964 molendinum
1624 887 1687 962 fibi
1712 901 1749 962 et

242 1017 493 1095 suooefl'oribos
509 1016 578 1092 soie
601 1017 648 1092 de
671 1041 728 1092 mo
744 1029 781 1091 ot
802 1015 992 1090 herodibus
1008 1017 1098 1094 meio
1121 1017 1308 1118 inpurum
1330 1031 1367 1094 ot
1391 1035 1601 1121 perpetuom
1621 1019 1748 1096 elemo-

242 1153 352 1224 {inom
367 1148 528 1250 plenarie
542 1162 582 1223 et
598 1147 791 1222 honorifice
814 1162 851 1222 ot
870 1147 1009 1246 integre
1024 1145 1119 1220 solua
1134 1147 1223 1222 fodio
1242 1145 1426 1222 hominurn
1447 1173 1606 1224 meorum
1624 1148 1685 1248 qui
1701 1147 1748 1221 ad

242 1280 449 1358 molendino
472 1306 554 1356 meo
575 1279 697 1356 venire
722 1280 855 1354 debent
881 1319 890 1342 ·
918 1279 1002 1353 Hiio
1023 1278 1169 1354 testibus
1195 1320 1205 1338 ·
1236 1278 1385 1354 Ferteth
1412 1295 1449 1356 et
1475 1281 1636 1358 Roborto
1665 1280 1745 1355 liiiio

242 1413 330 1488 meio
357 1453 369 1472 ·
398 1409 574 1488 Giilenefe
589 1425 627 1486 et
641 1409 779 1493 molitio
795 1408 867 1484 filio
889 1412 967 1510 ejus
982 1407 1173 1485 ·ienosoollo
1197 1434 1278 1484 meo
1307 1447 1316 1470 ·
1346 1409 1580 1488 Constantino
1591 1412 1745 1513 judiee-

243 1543 406 1620 Anoohol
422 1543 556 1620 thonno
572 1543 619 1619 do
632 1542 762 1617 Dunin
780 1581 791 1604 ο
806 1543 988 1618 Dunoono
1003 1543 1140 1620 thenno
1155 1543 1200 1618 de
1219 1542 1343 1618 Struin
1362 1585 1371 1606 ·
1391 1543 1568 1620 Gilleorist
1585 1525 1677 1621 Gatt'
1689 1586 1700 1607 ·

243 1916 315 2019 Do
331 1957 428 2017 terra
444 1939 614 2015 Trittram
626 1939 664 2014 in
680 1938 857 2014 territorio
874 1939 919 2014 do
937 1937 1056 2040 Gorty
1074 1982 1082 1998 ·

177 2205 224 2279 28
247 2182 382 2286 Sciunt
405 2223 480 2283 tom
502 2206 613 2281 utari
635 2231 743 2306 quam
765 2206 943 2305 presentes
965 2204 1062 2303 quod
1084 2229 1151 2304 ego
1174 2203 1346 2280 Tristram
1369 2206 1452 2280 dodi
1475 2221 1512 2282 et
1535 2210 1681 2284 oonoeffi
1705 2229 1742 2285 et

239 2343 306 2418 hoe
327 2339 456 2442 scripto
478 2367 561 2414 meo
579 2337 787 2414 ooutirmoui
808 2335 877 2412 deo
903 2350 942 2411 et
966 2334 1082 2412 oneo
1104 2335 1264 2413 Johonni
1286 2336 1440 2438 apostolo
1463 2337 1509 2416 do
1535 2339 1741 2443 Inohuffi'yn

239 2491 276 2552 et
292 2474 469 2552 oononiois
485 2473 619 2549 ibidem
634 2472 702 2548 deo
717 2471 949 2546 seruientibus
965 2483 1003 2544 ot
1017 2469 1197 2544 seruiturio
1212 2497 1322 2544 vnum
1340 2471 1491 2548 oroftum
1507 2472 1545 2548 in
1566 2475 1741 2550 territorio

238 2635 319 2685 meo
339 2601 621 2682 Eddurdoonoth
637 2603 732 2703 quod
749 2604 801 2678 est
821 2600 1055 2703 propinquius
1070 2601 1195 2702 stagno
1213 2602 1406 2686 molendini
1426 2603 1471 2679 de
1488 2604 1608 2706 Gorty
1623 2607 1740 2682 verius

239 2743 411 2818 orientem
435 2763 501 2839 per
523 2737 616 2838 ipsae
640 2735 769 2812 diuisas
792 2759 881 2836 quos
905 2732 1066 2817 aialifiuo
1087 2734 1185 2835 prior
1208 2735 1246 2810 in
1270 2735 1345 2811 vito
1367 2735 1428 2810 suo
1449 2738 1569 2812 tonuit
1591 2763 1659 2838 pro
1682 2739 1741 2814 dei

239 2887 482 2973 omoreotpro
491 2869 602 2945 salute
611 2869 730 2944 anime
738 2894 817 2944 mee
827 2867 1016 2942 inliberrim
1026 2881 1278 2967 etperpetuom
1290 2867 1514 2944 elemoiinam
1524 2869 1740 2947 Tenendum

238 3007 301 3082 {ibi
315 3019 354 3082 ot
365 3001 570 3080 habendum
582 3017 619 3078 et
635 2999 879 3102 poffidendum
894 3000 942 3075 do
957 3024 1015 3074 mo
1031 3012 1068 3074 et
1083 2996 1273 3074 heredibus
1285 3001 1373 3076 mois
1389 3000 1497 3076 libore
1514 3017 1552 3078 et
1564 3004 1682 3103 quiete
1694 3005 1740 3079 ob

237 3137 336 3213 omni
356 3136 501 3237 penitus
516 3132 660 3209 seculari
679 3133 824 3209 somiein
846 3145 884 3207 et
907 3129 1023 3206 seruili
1043 3129 1181 3206 odtiono
1204 3173 1215 3191 ·
1240 3131 1307 3204 Hii
1328 3133 1408 3207 funt
1428 3133 1534 3208 tostos
1556 3133 1739 3208 Abbruum

238 3265 441 3369 eopoiluuuo
468 3265 604 3340 domini
633 3264 772 3340 eomitie
800 3263 845 3338 do
873 3261 1086 3363 Strotheryn
1112 3276 1152 3337 ot
1179 3261 1320 3336 Arthur
1340 3261 1435 3336 fitius
1457 3263 1534 3360 ojus
1563 3307 1572 3324 ·
1600 3263 1740 3338 Iioohor

237 3397 440 3500 oopollnnus
455 3397 502 3471 de
517 3395 633 3471 ffoulio
651 3433 661 3454 ·
681 3395 850 3469 dominus
864 3392 1078 3493 Riginaiduo
1096 3391 1289 3468 canonieus
1307 3392 1353 3468 do
1371 3391 1583 3494 Strotheryn
1601 3433 1611 3456 ·
1631 3395 1736 3470 Hon-

236 3531 331 3606 riouo
349 3543 388 3605 et
407 3527 578 3602 Tristrnm
602 3566 615 3587 ·
639 3539 677 3602 et
692 3523 894 3601 Willelmno
912 3523 1007 3598 filino
1026 3523 1198 3600 'l'ristrom
1226 3563 1236 3584 ·
1261 3536 1299 3598 et
1318 3523 1501 3600 Tobnlduo
1527 3565 1536 3586 ·
1561 3523 1706 3627 Fogluio
1729 3569 1737 3586 ·

237 3661 391 3740 cristina
404 3659 539 3735 semino
553 3657 723 3732 'liiiirnrn
743 3671 807 3733 ·et
821 3655 924 3729 Anni
941 3654 1015 3730 fllin
1030 3657 1109 3754 ojus
1127 3697 1136 3716 ·
1154 3669 1193 3730 ot
1206 3653 1329 3729 multis
1344 3653 1449 3729 aliie·

240 4032 865 4134 Cenum-turtureum·

174 4321 221 4393 ro
242 4295 374 4399 Sciant
389 4335 463 4396 um
479 4285 713 4417 nimquam
727 4316 908 4417 promte
922 4315 1020 4415 qaeu
1036 4337 1104 4416 ego
1121 4315 1306 4392 ouum
1322 4339 1441 4391 tome
1456 4315 1503 4391 uo
1520 4313 1732 4420 onum

236 4455 379 4532 oonooffi
407 4469 444 4527 et
468 4452 536 4526 hoo
564 4464 662 4526 carto
684 4475 765 4524 meo
788 4447 997 4524 ooniirmaui
1026 4449 1094 4522 deo
1123 4463 1160 4523 et
1187 4448 1303 4522 santo
1330 4447 1487 4522 Johanni
1512 4447 1666 4548 apostolo
1695 4465 1731 4524 ot

235 4586 444 4690 euangeliste
467 4585 514 4659 de
533 4583 739 4686 Inobnffryn
755 4595 793 4656 et
811 4579 989 4656 eanonioio
1006 4579 1137 4654 ibidem
1160 4580 1227 4654 deo
1247 4579 1478 4654 seruientibus
1498 4593 1535 4654 ot
1553 4578 1731 4656 seruituriu
