4450 6034
450 473 538 539 xxxii
1072 475 1344 542 APPENDIX.

452 695 599 796 Kippen
621 695 668 770 ad
686 709 900 797 perpetuum
920 696 1167 771 mnonicatum
1185 697 1224 769 in
1243 695 1404 774 Ecclesia
1424 695 1674 772 Dunblanenai
1693 730 1707 786 Ι
1723 695 1820 774 salvo
1837 699 1905 774 cibi
1921 714 1955 774 et

451 825 710 902 successoribus
734 827 807 902 suis
832 826 996 903 omnibus
1021 827 1060 902 iu
1082 842 1295 929 perpetuum
1314 830 1399 928 jure
1420 829 1648 926 prasentandi
1669 829 1717 904 ad
1739 829 1873 906 dictum
1898 856 1955 905 ea·

452 958 659 1034 uonicatnm
681 959 960 1059 quotiescunque
977 985 1100 1036 vacare
1121 959 1334 1062 contigerit·
1353 959 1610 1036 Ordinavimns
1626 960 1788 1037 similiter
1804 977 1846 1036 ut
1861 962 1955 1037 idem

453 1089 582 1166 Oomes
605 1115 671 1190 pro
692 1115 731 1166 sc
754 1105 791 1166 et
810 1091 1071 1166 successoribus
1093 1090 1168 1166 suia
1184 1091 1288 1166 cedat
1303 1089 1421 1166 cidem
1441 1090 1621 1192 Episcopo
1644 1106 1681 1167 et
1697 1093 1956 1168 successoribus

452 1221 525 1296 suis
542 1221 711 1322 quioquid
723 1223 818 1324 juris
834 1223 962 1298 habuit
978 1224 1015 1297 in
1033 1223 1194 1298 Ecclesia
1209 1223 1256 1299 dc
1268 1221 1486 1300 Gallendar·
1507 1223 1561 1299 Ut
1572 1237 1692 1300 antem
1705 1227 1772 1301 hec
1782 1225 1956 1301 ordinatio

452 1367 574 1429 nostra
599 1369 678 1430 rata
701 1369 738 1430 et
762 1354 972 1430 inconcussa
995 1368 1203 1454 permaneat
1227 1352 1313 1429 huic
1336 1353 1469 1455 scripto
1501 1353 1616 1455 sigilla
1648 1369 1769 1430 nostra
1802 1379 1956 1430 unacum

453 1485 567 1587 sigillo
592 1486 675 1564 dicti
697 1484 868 1588 Episcopi
887 1484 1156 1562 Dunblanensis
1181 1484 1411 1587 apposuimus
1436 1512 1447 1560 ε
1472 1485 1529 1560 bis
1553 1486 1704 1562 testibus
1724 1486 1956 1564 existentibus

455 1619 493 1692 in
507 1617 658 1694 concilio
668 1618 767 1719 apud
775 1617 890 1694 Perth
906 1617 1017 1692 Anno
1035 1615 1162 1693 Gratis
1176 1616 1364 1692 millesimo
1381 1615 1626 1694 ducentesimo
1641 1617 1819 1694 tricesimo
1835 1619 1955 1694 odoro

453 1753 491 1826 in
507 1751 639 1828 odabis
658 1749 780 1826 Sancti
795 1750 820 1828 J
821 1749 946 1826 oannis
963 1747 1125 1848 Baptiste
1143 1791 1152 1808 ·
1170 1746 1303 1824 scilicet
1325 1747 1364 1825 G
1382 1791 1392 1808 ·
1410 1747 1590 1849 Episcopo
1606 1747 1857 1825 Aberdonensi
1880 1793 1890 1810 ·
1911 1751 1956 1825 de

452 1883 660 1960 Aberbroth
677 1883 775 1959 etde
794 1880 912 1958 Scene
928 1894 966 1957 et
982 1881 1029 1957 de
1046 1878 1366 1957 Oambuskeuneth
1390 1894 1427 1957 et
1448 1880 1495 1956 de
1514 1879 1716 1980 Inchaffray
1726 1880 1955 1970 Abbatibus1

453 2015 631 2118 Magistro
642 2014 750 2090 Petro
761 2013 806 2088 de
821 2012 980 2112 Ramsay
995 2041 1008 2097 ι
1022 2011 1200 2112 Magistro
1211 2009 1256 2085 M
1267 2051 1276 2070 ·
1287 2009 1551 2087 Archidiacono
1562 2009 1778 2124 Glasguensi
1788 2045 1802 2100 1
1814 2012 1955 2115 Magia-

458 2161 515 2222 tro
526 2145 576 2220 W
592 2189 600 2205 ·
618 2145 769 2220 Decaoo
784 2141 999 2243 Glasguensi
1013 2175 1026 2228 t
1040 2154 1076 2216 et
1092 2139 1214 2214 multis
1230 2139 1318 2218 aliis.

453 2511 633 2618 Malisius
663 2565 781 2614 comes
814 2538 860 2614 de
897 2475 1085 2614 Strathern
1116 2537 1180 2612 dat
1208 2535 1374 2614 Gilberto
1398 2537 1444 2612 de
1470 2536 1566 2611 Huic
1589 2534 1694 2611 militi
1720 2536 1953 2640 Hachlaaky·

454 2675 498 2750 Ε
512 2672 728 2772 haorcripto
743 2673 785 2746 io
802 2671 958 2746 archivis
982 2669 1130 2744 Comitio
1145 2671 1189 2744 de
1207 2669 1332 2744 Errol.

289 2941 339 3050 jd
384 2942 430 3010 12
459 2910 653 3012 Omnibus
681 2935 817 3013 Christi
846 2933 1007 3010 fidelibus
1034 2959 1180 3035 presens
1208 2932 1380 3034 scriptum
1408 2933 1535 3006 visuris
1563 2931 1736 3017 molesios
1762 2958 1882 3009 comes
1910 2933 1956 3008 de

261 3047 299 3148 'la

458 3067 645 3144 Strathern
664 3066 824 3143 Salutem
841 3106 852 3127 ·
869 3066 1052 3143 Noueritis
1064 3064 1221 3142 universi
1232 3089 1291 3139 me
1302 3064 1442 3141 dedisse
1452 3063 1664 3141 concessisse
1674 3079 1711 3142 et
1720 3065 1789 3141 hac
1800 3065 1957 3167 presenti

457 3214 554 3276 carta
569 3225 648 3274 mea
664 3200 889 3276 confirmasse
902 3198 1062 3274 Domino
1073 3197 1237 3274 Gilberto
1253 3197 1299 3272 da
1317 3196 1414 3272 licia
1428 3195 1533 3271 militi
1548 3210 1586 3272 et
1597 3196 1787 3273 heredibus
1809 3198 1883 3273 suis
1901 3196 1957 3272 rel

457 3333 530 3408 suis
546 3333 732 3434 assignatis
745 3365 758 3420 ι
776 3331 827 3408 ite
843 3346 963 3408 tamen
979 3346 1021 3409 ut
1037 3329 1177 3406 nullum
1191 3329 1297 3406 faciat
1308 3328 1525 3430 assignatum
1543 3328 1612 3403 nisi
1628 3328 1674 3403 de
1691 3330 1764 3404 suia
1778 3327 1898 3404 liberis
1913 3355 1958 3404 ex

458 3467 536 3566 ipso
547 3465 679 3566 genitis
690 3499 703 3554 l
715 3492 781 3567 pro
793 3465 959 3568 homagio
969 3480 1005 3541 et
1015 3466 1157 3542 servitio
1167 3491 1232 3541 sno
1242 3479 1354 3541 totam
1367 3478 1496 3540 terram
1510 3491 1580 3565 quc
1592 3482 1738 3541 vocatur
1753 3465 1959 3568 Hachlasky

460 3625 544 3674 cum
568 3597 736 3674 omuibus
759 3597 832 3672 suis
851 3595 959 3696 justis
980 3596 1206 3698 pertinentijs
1229 3611 1267 3672 et
1288 3595 1390 3671 recta
1410 3595 1531 3670 divisis
1552 3595 1600 3672 ad
1619 3597 1812 3697 predictam
1828 3610 1960 3674 terram

460 3729 720 3829 pertinentibus
745 3727 956 3804 Tenendam
982 3741 1018 3802 et
1045 3726 1247 3802 habendam
1273 3727 1318 3802 de
1345 3753 1404 3802 me
1430 3739 1469 3802 et
1497 3726 1688 3803 heredibus
1713 3729 1803 3804 meis
1830 3729 1898 3804 sibi
1925 3743 1963 3804 et

460 3859 649 3936 heredibus
672 3859 744 3934 suis
766 3857 823 3934 vel
845 3857 917 3934 suis
938 3858 1125 3958 assignatis
1150 3858 1240 3934 adeo
1259 3857 1371 3934 libere
1392 3859 1514 3958 quiete
1532 3857 1690 3960 plenarie
1710 3875 1747 3934 et
1770 3859 1964 3937 honorifice

463 3991 555 4068 sicut
570 3990 689 4090 aliqua
705 4005 799 4068 terra
816 3991 854 4064 in
869 4015 980 4090 regno
994 3987 1118 4066 Scocie
1133 3988 1278 4065 liberius
1295 3989 1454 4091 quiecins
1466 3989 1606 4092 plenius
1618 4006 1656 4066 et
1673 3991 1967 4070 honorificentius

463 4126 509 4201 de
521 4123 638 4224 aliquo
652 4123 780 4199 comite
792 4121 848 4200 vel
859 4122 991 4198 barone
1005 4134 1148 4198 tenetur
1159 4135 1196 4197 et
1207 4120 1408 4223 possidetur
1420 4122 1458 4197 in
1470 4124 1579 4197 bosco
1595 4136 1632 4198 et
1648 4121 1755 4223 plano
1772 4123 1810 4197 in
1826 4124 1966 4224 pascuis

464 4272 502 4333 ct
516 4255 671 4358 pasturis
687 4255 725 4329 in
741 4254 849 4330 moris
866 4269 903 4329 et
918 4254 1078 4354 maresijs
1094 4253 1131 4328 iu
1149 4254 1250 4354 aquia
1266 4268 1303 4329 et
1319 4252 1479 4355 piscarijs
1494 4253 1533 4328 in
1550 4253 1686 4354 stagnis
1703 4269 1740 4330 et
1755 4255 1967 4331 molendinis

465 4388 596 4465 inferis
613 4403 650 4464 et
666 4388 788 4462 avibus
805 4388 842 4462 in
860 4385 1039 4462 montibus
1056 4399 1093 4462 et
1109 4384 1257 4463 collibus
1274 4385 1313 4460 in
1329 4384 1477 4462 vallibus
1494 4400 1531 4461 et
1543 4385 1693 4486 rupibus
1705 4402 1742 4461 et
1754 4387 1793 4461 iu
1804 4389 1969 4463 omuibus

465 4520 544 4622 alijs
566 4519 779 4597 aisiamentis
802 4521 849 4596 ad
868 4518 1063 4618 predictam
1079 4532 1210 4596 terram
1222 4521 1321 4619 juste
1338 4518 1615 4617 pertinentibus.
1669 4517 1871 4596 Reddendo
1888 4519 1973 4595 inde
