4450 6034
443 499 492 570 34
1015 487 1376 567 REGISTRUM

452 827 576 930 Carta
591 853 637 929 de
652 855 711 928 sex
726 855 856 931 mareis
872 855 918 931 de
934 855 1169 932 Abiresrnioh
1187 897 1196 919 ·

93 1123 163 1218 'us'
178 1121 204 1214 ς’
384 1125 433 1195 36
454 1091 646 1194 Omnibus
663 1117 796 1196 christi
817 1120 980 1196 fidelibus
1001 1125 1050 1200 sd
1071 1151 1223 1226 quorum
1246 1125 1410 1201 notitiam
1425 1125 1603 1225 presentes
1618 1124 1781 1200 venerint
1797 1122 1950 1208 sslalillus

450 1281 570 1332 eomes
584 1257 630 1332 de
648 1255 862 1358 Stratberyn
879 1273 1039 1334 eternam
1054 1258 1093 1334 in
1105 1257 1250 1333 domino
1266 1255 1412 1332 salutem
1431 1298 1440 1315 ·
1457 1253 1613 1332 Nouerit
1628 1257 1833 1332 vniuerlitas
1844 1258 1952 1333 vestra

452 1390 548 1490 quod
573 1417 658 1466 oum
672 1390 738 1464 viri
759 1388 908 1491 religioli
932 1389 1042 1465 abbas
1063 1403 1101 1464 et
1123 1403 1320 1464 oonuentus
1336 1387 1544 1472 monastefii
1566 1387 1611 1462 de
1637 1387 1756 1462 Insula
1771 1388 1951 1472 miliarum

453 1521 564 1598 effent
590 1521 628 1596 in
654 1521 856 1622 pofl‘effione
889 1520 1083 1622 reeipiendi
1115 1521 1174 1597 lox
1207 1547 1343 1596 mareas
1376 1518 1624 1621 sterlingorum
1656 1521 1800 1597 nomino
1832 1521 1953 1596 seeun-

453 1655 579 1729 darum
607 1655 826 1731 deeimarum
849 1655 1046 1729 nostrornm
1078 1653 1126 1728 de
1150 1653 1255 1728 firma
1283 1668 1376 1728 terre
1404 1653 1450 1728 de
1476 1650 1711 1728 Balleuollsth
1737 1653 1775 1727 in
1804 1654 1881 1754 fyro
1910 1654 1953 1728 de

452 1787 572 1890 Foglis
588 1788 684 1864 idem
700 1787 850 1889 religiosi
867 1787 915 1861 ad
930 1785 1131 1861 instantiam
1149 1788 1302 1861 nostram
1319 1785 1497 1886 patienter
1511 1785 1750 1861 sustinuerunt
1772 1813 1838 1860 nos
1860 1785 1953 1861 illam

453 1937 584 1999 terram
618 1922 663 1997 de
697 1918 930 1995 Balleuollsth
960 1919 1104 1994 domino
1134 1918 1173 1995 G
1201 1961 1210 1978 ·
1237 1918 1337 1994 fratri
1364 1919 1480 1994 nostro
1508 1919 1665 1994 oonferre
1691 1931 1729 1994 et
1756 1921 1802 1994 lio
1828 1920 1954 1995 eisdem

451 2056 617 2157 religiolis
634 2054 672 2128 in
688 2053 817 2128 eisdem
832 2053 892 2127 sex
906 2052 1034 2127 mareis
1053 2051 1281 2127 remansimus
1297 2050 1441 2152 obligati
1465 2091 1474 2112 ·
1501 2051 1624 2138 Quare
1639 2050 1802 2127 volumus
1818 2069 1856 2129 et
1872 2081 1956 2129 eon-

453 2186 612 2264 cedimus
634 2183 765 2260 eisdem
788 2181 955 2285 religiosis
979 2209 1044 2282 per
1064 2182 1158 2258 hane
1177 2181 1385 2282 scripturam
1407 2209 1507 2258 mera
1530 2183 1646 2257 nostra
1666 2183 1848 2259 voluntate
1871 2212 1955 2260 eon-

452 2319 579 2393 fedlnm
595 2341 660 2416 pro
678 2313 779 2390 nobis
795 2326 834 2389 st
853 2313 1044 2389 heredibus
1060 2314 1185 2390 nostris
1202 2313 1258 2388 vel
1274 2312 1449 2413 affignatis
1466 2313 1562 2413 quod
1578 2313 1663 2390 didli
1681 2314 1830 2416 religiofi
1846 2317 1956 2392 ditias

452 2450 512 2523 sex
535 2473 671 2522 mareas
703 2445 847 2522 nomine
871 2445 1102 2522 secundarum
1125 2445 1340 2521 decimarum
1366 2446 1561 2520 nostrarum
1585 2448 1658 2522 fine
1682 2448 1955 2524 eontradidlione

452 2578 560 2654 nostri
584 2578 640 2653 vel
663 2577 835 2652 heredum
859 2577 1055 2652 nostrorum
1080 2577 1139 2652 vel
1163 2579 1411 2678 affignatorum
1435 2580 1631 2653 nostrorum
1656 2580 1701 2655 de
1725 2583 1829 2658 firma
1852 2597 1953 2662 tene-

454 2710 566 2786 menti
595 2708 641 2786 de
665 2708 937 2809 Abbirearnyeh
958 2709 1131 2810 recipiant
1160 2708 1198 2783 in
1223 2722 1436 2808 perpetuum
1460 2735 1525 2808 per
1548 2734 1675 2785 manus
1705 2712 1953 2813 cujuscumque

452 2842 587 2916 ditium
616 2853 861 2916 tenementum
890 2838 935 2915 de
964 2839 1223 2915 Abbireamieh
1252 2839 1298 2914 de
1327 2839 1428 2913 nobis
1454 2839 1508 2914 vel
1536 2839 1726 2916 heredibus
1750 2845 1875 2919 nostris
1899 2844 1954 2921 vel

454 2973 630 3074 ollignatis
655 2971 810 3048 tenentis
837 2969 1020 3047 soluendus
1044 2973 1091 3046 ad
1116 2970 1206 3046 dnos
1230 2970 1316 3045 anni
1340 2971 1510 3046 terminos
1531 2971 1659 3048 scilieet
1683 2999 1789 3048 snam
1819 2978 1953 3054 medie-

453 3115 564 3176 tatem
581 3101 628 3174 ad
644 3099 770 3176 festum
795 3100 996 3201 pentieostis
1019 3115 1056 3176 et
1079 3100 1185 3177 aliam
1210 3101 1438 3177 medietatem
1455 3102 1501 3176 ad
1525 3101 1651 3178 festum
1676 3106 1781 3182 santii
1803 3111 1956 3192 wertini

452 3232 489 3306 in
505 3259 610 3333 yeme
635 3269 647 3294 ·
674 3231 768 3307 Item
784 3257 868 3306 oum
889 3246 1053 3308 tenemur
1074 3232 1203 3308 eisdem
1225 3231 1390 3334 religiolis
1410 3233 1448 3307 in
1468 3234 1614 3336 triginta
1629 3237 1689 3311 lex
1704 3237 1802 3314 libris
1818 3240 1955 3316 sterlin-

451 3389 577 3465 gorum
591 3389 679 3463 quas
688 3363 849 3460 cepimus
861 3364 907 3438 de
915 3363 1026 3438 fratre
1040 3363 1197 3464 Hugone
1210 3378 1296 3440 tuno
1308 3365 1476 3464 temporis
1489 3367 1634 3442 terrario
1647 3371 1804 3470 ejusdem
1820 3378 1955 3458 ‹eonas-

452 3495 531 3570 terii
547 3494 593 3569 de
615 3493 768 3594 pecunie
789 3493 969 3593 quondam
990 3492 1126 3594 Rogeri
1151 3495 1196 3570 de
1220 3494 1323 3572 Golm
1346 3493 1464 3572 clerici
1491 3499 1742 3598 quamquidem
1768 3508 1955 3601 pecuniam

451 3625 548 3700 idem
574 3626 741 3726 Regesne
762 3625 895 3699 fabrioe
917 3622 1057 3700 seelelie
1079 3626 1163 3701 ditti
1185 3627 1383 3710 <nonasterii
1406 3629 1595 3706 donatione
1617 3632 1711 3708 inter
1732 3635 1831 3712 vinos
1857 3640 1955 3717 dedit

452 3770 490 3833 et
507 3755 545 3828 in
562 3756 687 3831 decem
704 3755 804 3829 libris
820 3753 1068 3856 sterlingorum
1085 3783 1174 3856 ques
1190 3757 1382 3834 ab'eisdem
1398 3761 1595 3861 recepimus
1612 3779 1738 3842 mutuo
1754 3793 1821 3870 per
1836 3768 1954 3846 literas

451 3887 587 3962 nostras
609 3887 833 3988 obligatorias
848 3889 952 3988 super
973 3888 1042 3964 hoe
1065 3890 1195 3966 eildem
1218 3893 1393 3968 confodias
1417 3910 1452 3970 et
1470 3896 1576 3972 stiam
1600 3899 1638 3972 in
1660 3900 1786 4002 viginti
1802 3918 1955 4005 quatuor

451 4017 578 4092 mareis
615 4015 864 4116 sterlingorum
899 4016 944 4092 de
979 4018 1151 4096 solutions
1189 4023 1428 4123 predidlarum
1457 4028 1516 4101 sex
1545 4055 1748 4106 marearum
1782 4035 1828 4111 de
1854 4039 1955 4114 firma

450 4147 606 4248 preditbe
623 4162 716 4225 terre
730 4149 775 4224 de
791 4147 1026 4226 Balleuollsth
1043 4179 1108 4252 per
1124 4179 1189 4228 nos
1206 4181 1228 4230 a
1244 4155 1408 4255 preditlis
1424 4157 1590 4258 religiosis
1605 4189 1671 4263 per
1682 4180 1834 4264 quatuor
1845 4197 1955 4249 annos

451 4295 672 4359 retentarum
683 4321 693 4342 ·
704 4282 784 4358 Nos
800 4309 883 4358 vero
896 4283 1025 4360 eisdem
1034 4284 1200 4387 religiofis
1216 4288 1407 4366 satiffecere
1422 4291 1580 4372 volentes
1590 4296 1717 4373 eisdem
1731 4304 1955 4380 concedimus

453 4413 518 4518 p'ro
536 4414 638 4490 nobis
656 4429 693 4490 et
708 4415 897 4491 heredibus
914 4417 1040 4492 nostris
1057 4433 1093 4494 et
1109 4421 1285 4522 affignatis
1299 4436 1335 4498 et
1345 4423 1507 4501 volumus
1520 4431 1616 4528 qnod
1632 4431 1694 4532 ips
1706 4433 1852 4537 religioll
1865 4440 1956 4516 reoi-

455 4549 556 4652 piant
573 4548 730 4650 quolibet
746 4575 840 4626 anno
856 4551 903 4626 ed
919 4552 1089 4629 terminos
1107 4556 1371 4654 prenominatos
1387 4575 1538 4659 quatuor
1557 4583 1693 4642 mareas
1712 4569 1954 4674 sterlingorum
