4450 6034
448 566 511 631 120
910 566 1108 633 CARTAE
1136 566 1496 633 RECENTIORES

447 769 609 853 imponere
625 788 682 831 seu
696 766 800 832 locare
823 788 927 832 arcam
946 768 998 833 uel
1018 789 1107 833 arcas
1121 776 1190 833 rete
1209 776 1268 832 aut
1285 766 1368 831 retia
1381 788 1440 831 sen
1454 766 1517 831 alia
1539 788 1728 854 quecunque
1751 766 1964 833 insuumenta

448 888 489 953 ad
503 886 606 973 pisces
622 885 791 971 capiendos
806 884 838 950 in
854 886 997 971 predicto
1011 886 1083 951 loco
1096 886 1137 951 de
1159 884 1329 971 Polpefery
1343 885 1430 971 quod
1444 906 1502 969 pro
1520 894 1597 951 tunc
1617 885 1741 952 licitum
1756 887 1799 953 sit
1813 886 1964 973 predictis

448 1006 554 1072 abbati
569 1015 603 1071 et
617 1005 789 1072 concentui
803 1051 813 1069 .
830 1051 838 1071 .
852 1052 861 1069 .
877 1005 1004 1071 easdem
1019 1026 1108 1070 arcas
1123 1003 1204 1069 retia
1217 1026 1275 1069 eeu
1289 1003 1500 1069 instrumenta
1513 1024 1626 1089 capere
1641 1051 1649 1069 .
1666 1055 1674 1071 .
1690 1052 1699 1069 .
1715 1005 1804 1071 etad
1819 1006 1963 1092 proprios

448 1148 523 1191 rsus
538 1124 741 1211 appropriare
765 1174 772 1189 .
797 1174 804 1189 .
828 1172 835 1187 .
860 1123 928 1189 sine
949 1170 958 1187 .
981 1170 989 1187 .
1014 1172 1021 1186 .
1044 1121 1238 1207 repeticione
1253 1142 1310 1207 per
1324 1142 1375 1185 me
1390 1121 1441 1187 vel
1463 1121 1597 1187 heredes
1616 1144 1713 1188 meoa
1758 1124 1796 1187 In
1811 1123 1903 1189 cuius
1916 1124 1961 1187 rei

449 1244 663 1310 testimonium
685 1243 825 1328 sigillum
845 1242 907 1309 mei
927 1240 1059 1307 Roberti
1079 1242 1202 1305 Mersar
1215 1260 1352 1305 necnon
1368 1249 1403 1304 et
1423 1239 1562 1325 sigillum
1578 1240 1706 1307 Aodree
1724 1242 1847 1307 Mereor
1860 1264 1962 1307 auun-

450 1365 514 1430 culi
529 1364 590 1430 mei
611 1364 750 1450 presenti
764 1374 850 1429 carte
865 1382 935 1427 mee
950 1372 1025 1427 sunt
1047 1382 1189 1447 appensa
1207 1381 1313 1426 coram
1334 1358 1397 1425 hiis
1417 1360 1563 1426 testibus.
1606 1360 1780 1427 Tristramo
1800 1363 1841 1427 de
1861 1362 1961 1449 Gorty

448 1484 470 1547 J
472 1464 779 1568 ohanne'Quhytson
793 1479 974 1546 Alexandro
988 1478 1133 1565 Cardeny
1147 1477 1308 1543 Willelrno
1330 1479 1439 1543 Bonar
1459 1479 1499 1545 de
1522 1479 1621 1564 Kelty
1635 1479 1817 1547 Alexandro
1840 1481 1961 1568 Scharp

450 1604 489 1668 de
506 1602 634 1688 Strathy
649 1613 682 1667 et
697 1601 841 1666 Johanne
858 1599 942 1664 Crab
956 1598 1107 1663 scutifero
1123 1618 1196 1662 cum
1210 1596 1320 1662 multis
1334 1596 1406 1662 aliis
1421 1598 1463 1661 24
1477 1596 1565 1682 Junij
1580 1598 1661 1662 AD.
1677 1600 1774 1665 1454.

412 1960 545 2026 2Carta
575 1955 800 2023 sendilirmaria
834 1957 875 2020 ab
911 1952 1093 2018 Alexandro
1123 1950 1312 2017 Atheniensi
1349 1951 1589 2037 archiepiscopo
1625 1954 1959 2041 commendatarioque

449 2088 604 2165 perpetuo
624 2075 804 2159 monasterij
827 2072 935 2139 Insule
957 2070 1128 2137 Missurum
1150 2092 1208 2155 pro
1229 2079 1319 2135 certa
1338 2069 1544 2156 pecuniarum
1566 2092 1692 2136 summa
1711 2071 1798 2138 facta
1820 2073 1959 2139 Jnhanni

449 2199 546 2264 Eldar
560 2218 656 2283 super
669 2194 762 2261 terris
777 2191 950 2277 vulgariter
964 2188 1212 2255 Tullcchandich
1226 2186 1346 2253 vocatis
1363 2188 1544 2273 jacentibus
1563 2188 1597 2252 in
1617 2189 1748 2255 baronia
1766 2190 1807 2256 de
1822 2191 1960 2277 Cairdnp

451 2316 623 2382 Reddendo
649 2310 812 2380 annuatim
843 2308 942 2375 veteri
970 2307 1061 2372 firma
1089 2305 1122 2371 in
1152 2305 1320 2391 pecuniam
1350 2316 1545 2371 commutata
1568 2328 1724 2373 summam
1749 2308 1960 2395 quadraginta

447 2436 619 2501 solidorum
644 2432 822 2499 invehendo
846 2428 941 2495 etiam
968 2426 1133 2492 aunuatim
1158 2426 1198 2491 cd
1223 2426 1449 2491 monasterium
1472 2426 1605 2511 triginta
1626 2426 1707 2492 duas
1731 2427 1775 2493 lie
1801 2430 1958 2495 metcrelis

448 2566 592 2641 petarum
615 2564 648 2619 et
663 2575 720 2639 pro
743 2550 884 2637 qualibet
905 2556 1044 2613 marcata
1057 2544 1212 2612 cicurum
1235 2556 1389 2611 terrarum
1402 2567 1499 2611 vnum
1521 2569 1602 2612 onus
1615 2547 1712 2633 vulgo
1729 2570 1790 2613 one
1806 2550 1881 2614 bore
1894 2550 1959 2615 lcde

447 2676 581 2743 cementi
604 2676 672 2742 siue
697 2673 792 2740 calcis
817 2682 851 2737 et
879 2692 975 2735 vnum
1001 2668 1103 2734 simile
1128 2690 1209 2734 curn
1234 2669 1414 2755 tegularum
1438 2669 1479 2735 ad
1502 2670 1728 2736 monasterium
1749 2680 1785 2737 et
1808 2670 1958 2737 ecclesias

446 2798 587 2863 ciusdem
601 2798 710 2862 senum
733 2803 839 2858 autern
862 2792 895 2857 iu
918 2790 1046 2855 modum
1071 2788 1200 2858 solitum
1223 2800 1256 2854 et
1279 2802 1465 2855 consuetum
1487 2838 1496 2855 .
1517 2790 1659 2857 brasium
1678 2792 1718 2857 cd
1741 2792 1957 2857 molendinum

447 2918 601 3003 portando
618 2966 624 2981 .
641 2926 674 2981 et
692 2936 750 3001 pro
771 2911 964 2999 quibuslibet
983 2910 1107 2975 duobus
1124 2909 1272 2975 marcatis
1289 2908 1445 2975 dictarum
1466 2921 1621 2977 terrarum
1640 2932 1736 2976 vnum
1750 2932 1869 2999 equum
1884 2934 1957 2978 curn

446 3038 556 3103 trahea
570 3035 741 3121 vulgariter
758 3056 818 3099 octe
834 3032 900 3099 cled
917 3030 957 3097 cd
971 3040 1131 3095 vecturam
1154 3029 1346 3093 decimarum
1363 3030 1570 3095 ministrando
1588 3080 1596 3097 .
1615 3031 1734 3097 vectori
1753 3043 1788 3097 et
1808 3032 1957 3099 officiario

356 3168 361 3179 '
445 3179 579 3245 granum
603 3166 770 3241 argentum
792 3162 826 3219 et
850 3150 1002 3219 stramina
1022 3170 1109 3214 more
1135 3148 1228 3214 solito
1251 3149 1402 3215 solvendo
1424 3171 1548 3216 necnon
1571 3174 1629 3237 pro
1654 3150 1796 3239 qualibet
1817 3163 1957 3218 marcata

446 3300 538 3345 vnam
555 3277 699 3343 serlotam
719 3293 888 3339 avenarum
909 3280 943 3337 et
961 3290 1056 3333 vnum
1079 3267 1121 3333 lie
1140 3268 1241 3333 thraif
1256 3268 1451 3334 straminum.
1496 3270 1582 3335 Data
1598 3272 1658 3336 suh
1676 3271 1835 3336 communi
1852 3270 1956 3357 sigillo

447 3398 531 3484 apud
546 3392 770 3461 monasterium
789 3389 896 3457 Insule
912 3388 1083 3453 Missurum
1099 3388 1120 3451 8
1135 3385 1254 3471 Aprilis
1270 3388 1365 3455 1557.
1410 3387 1622 3454 Subscribunt

529 3630 711 3698 Alexander
726 3626 1018 3695 commendatarius
1159 3625 1317 3712 Georgius
1332 3628 1436 3713 Spens
1558 3629 1739 3694 Alexander
1752 3630 1870 3715 Wycht

529 3754 551 3819 J
553 3752 692 3818 ohannes
708 3748 858 3813 Mnineris
873 3746 958 3833 prior
1161 3746 1327 3811 lohannes
1341 3747 1445 3812 Rauli'
1550 3750 1692 3814 Jacobus
1706 3749 1889 3815 Donaldson

531 3871 668 3935 Thomas
684 3868 845 3934 Gardener
860 3864 1006 3951 supprior
1163 3864 1343 3930 Willelmus
1357 3866 1494 3932 Melmse

530 3989 649 4053 Paulus
666 3985 851 4072 Cunygham
1161 3982 1343 4050 Alexander
1357 3986 1487 4073 Murray

404 4346 425 4406 3
446 4348 541 4411 Carta
565 4342 789 4410 leudilirnraria
806 4344 847 4408 ab
868 4341 1051 4407 Alexandro
1075 4340 1315 4427 archiepiscopo
1331 4341 1519 4406 Atheniensi
1542 4343 1583 4407 ad
1609 4344 1827 4431 episcopatum
1854 4347 1954 4412 Sodo-

445 4486 566 4532 rensern
600 4462 761 4550 postulato
793 4483 831 4527 ac
864 4460 1131 4527 commendatario
1164 4470 1330 4575 perpetuo‘
1351 4460 1611 4526 monasteriorum
1641 4463 1682 4528 de
1712 4464 1890 4553 lucheffray
1918 4479 1952 4533 et

445 4582 615 4649 Yculmlrill
636 4584 721 4648 facta
741 4602 798 4667 pro
821 4602 944 4646 summa
965 4579 1051 4647 mille
1071 4579 1222 4645 librarum
1246 4578 1383 4645 Patricio
1402 4580 1534 4667 Murray
1553 4582 1670 4648 vicario
1689 4582 1890 4665 pensionario
1911 4589 1951 4652 de
