4450 6034
471 524 519 597 64
956 573 961 582 .
1040 513 1403 592 REGISTRUM

470 777 536 852 pro
552 748 733 824 voluntate
749 749 810 822 sna
829 748 994 823 edificare
1010 762 1048 822 et
1068 747 1113 822 da
1130 747 1266 822 residuo
1284 747 1438 820 duarum
1455 771 1618 820 aormum
1635 771 1702 845 pro
1719 744 1907 821 voluntate
1924 746 1982 822 sna

474 884 655 981 disponere
682 921 691 940 ·
718 881 763 954 In
780 882 883 983 eujus
904 880 958 955 rei
979 879 1220 954 testimonium
1236 878 1385 980 sigillum
1407 880 1566 954 nostrum
1587 879 1811 979 presentibus
1835 878 1982 954 fecimus

473 1013 605 1113 apponi
619 1055 628 1071 ·
643 1011 726 1113 Hijs
740 1011 884 1087 testibus
896 1010 1040 1085 domino
1052 1007 1215 1085 Gilberto
1229 1010 1274 1085 de
1287 1008 1446 1084 Rothfen
1460 1049 1469 1070 ·
1484 1008 1630 1085 domino
1643 1010 1669 1084 J
1669 1009 1809 1084 oachim
1820 1009 1865 1082 de
1878 1009 1982 1110 Kyn-

475 1147 550 1220 buk
576 1187 586 1206 ·
611 1146 772 1246 magistro
799 1146 953 1220 Ricardo
979 1146 1026 1219 de
1053 1143 1261 1244 Streuyllyn
1284 1143 1493 1219 cancellario
1518 1143 1656 1219 domini
1678 1144 1819 1218 comitis
1847 1185 1856 1202 ·
1883 1143 1981 1218 Lern

476 1278 587 1362 mach
612 1272 817 1354 Gilherue¹·
844 1279 978 1354 Jaoobo
1002 1278 1149 1376 persona
1172 1278 1217 1352 de
1242 1277 1395 1352 Buffidir
1420 1291 1456 1352 et
1480 1276 1602 1352 multis
1625 1275 1704 1376 alijs
1731 1319 1740 1336 ·
1764 1277 1866 1352 Data
1887 1276 1982 1375 apud

478 1411 596 1487 Oreffe
617 1411 655 1483 in
677 1411 824 1486 crastino
840 1411 935 1486 beati
959 1410 1110 1493 martini
1135 1410 1172 1484 in
1196 1434 1301 1510 yeme
1323 1436 1417 1485 enno
1442 1410 1556 1510 gratie
1578 1409 1761 1485 millesimo
1778 1420 1858 1486 00³⁰
1883 1412 1979 1486 sexa-

477 1545 606 1645 gesimo
622 1545 745 1618 sexto·

484 1913 605 2014 (sarta
620 1940 666 2015 de
681 1940 880 2040 Abircarny
899 1981 908 2000 ·

416 2201 465 2276 65
483 2176 677 2279 Omnibus
699 2205 812 2279 sanes
831 2203 951 2285 matria
972 2202 1111 2279 eoclefio
1131 2203 1212 2303 filije
1236 2205 1375 2304 presens
1398 2203 1564 2306 seriptum
1588 2205 1711 2281 visuris
1731 2209 1787 2284 vel
1808 2212 1978 2288 audituris

280 2353 332 2441 ανο
480 2335 622 2412 Ysenda
640 2336 762 2436 sponsa
777 2335 914 2409 comitis
938 2334 1094 2410 Gilberti
1113 2336 1159 2410 de
1187 2333 1397 2436 Stretlreryn
1418 2335 1565 2411 salutem
1590 2381 1599 2398 ·
1628 2339 1756 2414 Sciatis
1776 2368 1835 2418 me
1861 2344 1979 2422 diuine

205 2450 283 2574 blm
480 2468 635 2543 caritatis
659 2466 792 2541 intuitu
817 2492 880 2565 per
904 2466 1076 2540 assensum
1100 2466 1338 2565 prenominati
1365 2467 1504 2542 comitis
1530 2468 1666 2542 domini
1690 2472 1762 2546 mei
1788 2474 1920 2552 dedisse
1944 2494 1979 2553 et

477 2599 669 2674 concessisse
691 2612 727 2672 et
749 2597 817 2672 hae
838 2611 936 2671 oarta
956 2622 1036 2669 mea
1053 2598 1269 2672 confirmasse
1286 2598 1408 2672 abbati
1430 2613 1466 2672 et
1488 2599 1666 2674 canonicis
1690 2602 1736 2677 de
1757 2602 1876 2680 Insula
1892 2609 1980 2692 ‹Ilis-

476 2732 590 2805 sarum
607 2728 764 2828 quinque
786 2754 884 2802 acras
907 2742 1000 2803 terre
1023 2727 1061 2800 in
1076 2726 1159 2802 villa
1181 2729 1324 2802 meede
1347 2728 1551 2830 Abiroarny
1575 2729 1674 2805 illam
1696 2731 1826 2809 scilieet
1848 2755 1979 2814 terram

476 2887 583 2960 quam
600 2861 727 2935 eisdem
744 2859 865 2935 abbati
882 2874 918 2934 et
934 2858 1112 2933 canonicis
1135 2859 1255 2959 probis
1272 2858 1475 2935 hominibus
1499 2862 1718 2961 presentibus
1735 2869 1980 2965 perambulnui
1999 2861 2000 2866 ¹

475 2991 638 3066 videlicet
653 2992 798 3067 domino
816 2991 971 3066 Rioardo
987 2989 1096 3069 ‹nilito
1114 3004 1150 3064 et
1169 2988 1331 3066 Galsrido
1349 2990 1394 3065 de
1412 2991 1510 3066 Gau
1525 2991 1692 3068 fratribus
1710 2998 1799 3072 meis
1818 2999 1978 3080 Henrioo

477 3139 513 3198 et
529 3123 707 3197 Trestram
729 3121 810 3222 sllijs
828 3121 1007 3196 Trestram
1024 3118 1201 3194 Willelmo
1222 3118 1347 3195 elerico
1371 3137 1408 3195 et
1423 3121 1545 3197 multis
1568 3123 1645 3222 alijs
1672 3165 1681 3185 ·
1710 3127 1903 3207 Tenendas
1920 3136 1980 3210 sibi

478 3256 516 3329 in
544 3269 754 3355 perpetuam
779 3253 1001 3327 elemosinam
1028 3249 1139 3326 libere
1164 3265 1200 3325 et
1224 3251 1345 3350 quiete
1372 3253 1419 3326 ab
1442 3252 1540 3326 omni
1564 3255 1711 3332 seruioio
1738 3273 1775 3334 ot
1800 3267 1980 3343 exasiione

479 3385 622 3462 seculari
642 3411 725 3459 omn
744 3384 925 3460 communi
948 3383 1088 3482 pastura
1104 3381 1293 3456 duodecim
1310 3407 1498 3457 vaooarum
1522 3399 1559 3460 et
1576 3386 1731 3462 duorum
1754 3416 1929 3491 equorum
1946 3414 1982 3474 et

480 3546 562 3594 cnm
575 3518 739 3592 omnibus
755 3517 833 3617 alijs
850 3515 1072 3616 ayslamentis
1089 3515 1246 3613 ejusdem
1262 3515 1427 3613 territorij
1442 3515 1489 3589 ad
1506 3531 1644 3592 tantam
1656 3533 1787 3596 terram
1797 3529 1982 3626 pertinen-

480 3652 576 3726 tibus
602 3692 611 3711 ·
639 3650 683 3722 In
701 3650 802 3748 cujus
818 3647 870 3721 rei
890 3645 1130 3720 testimonium
1148 3671 1258 3742 quum
1276 3672 1318 3720 eo
1343 3659 1590 3747 temporeque
1611 3649 1679 3726 heo
1695 3669 1793 3730 carta
1809 3658 1899 3734 aea
1915 3663 1982 3738 fuit

479 3779 627 3882 sigillum
646 3779 829 3880 proprium
852 3802 924 3850 non
940 3776 1048 3850 habui
1070 3775 1154 3849 huie
1169 3775 1296 3874 scripto
1319 3774 1466 3875 sigillum
1485 3779 1619 3853 domini
1642 3781 1788 3860 Abrahe
1814 3787 1982 3868 Dunbla-

479 3915 593 3986 nensis
606 3909 757 4010 episcopi
769 3907 830 4008 qui
847 3905 952 4005 hujna
965 3905 1165 3979 donationis
1179 3905 1274 3979 testis
1292 3907 1341 3980 est
1353 3906 1451 4006 quod
1462 3909 1510 3982 ad
1521 3909 1589 3986 hoo
1602 3912 1673 4012 ipse
1686 3915 1774 3990 mihi
1786 3945 1983 4000 accommo-

481 4043 579 4118 danit
596 4041 743 4142 apposui
761 4081 770 4100 ·
788 4053 827 4114 vt
848 4037 916 4112 heo
932 4051 1053 4112 autem
1075 4063 1154 4110 mea
1174 4037 1317 4111 donatio
1339 4037 1607 4140 inperpetuum
1622 4060 1706 4120 neta
1729 4061 1765 4122 et
1781 4049 1984 4134 inconeussa

480 4174 653 4248 habeatnr
676 4171 769 4245 hano
794 4183 929 4245 cartam
953 4167 1219 4268 prenominatus
1246 4193 1363 4242 comes
1389 4170 1555 4246 dominus
1580 4199 1681 4250 meus
1706 4177 1905 4280 insignum
1932 4188 1983 4262 sni

480 4305 662 4384 consensus
674 4301 773 4404 sigilli
789 4301 839 4375 sui
852 4299 1068 4402 appositione
1084 4299 1284 4375 roborando
1300 4301 1525 4377 confirmauit
1543 4345 1552 4364 ·
1573 4305 1657 4407 Hijs
1675 4311 1821 4387 testibus
1838 4316 1982 4396 domino

480 4439 662 4514 Abbraam
675 4433 921 4511 Dunblanenfi
939 4433 1099 4530 episeopo
1118 4473 1126 4492 ·
1143 4433 1179 4508 G
1199 4473 1208 4492 ·
1223 4431 1468 4508 archidiacono
1479 4429 1527 4510 'de
1542 4436 1754 4542 Stratheryn
1768 4484 1777 4503 ·
1791 4448 1835 4530 o)
1852 4449 1982 4526 senes.

481 4571 570 4650 callo
587 4570 725 4647 cernitis
744 4611 754 4632 ·
771 4552 949 4653 alakbetli
961 4565 1084 4664 judice
1103 4607 1112 4624 ·
1131 4565 1165 4638 T
1185 4607 1192 4622 .
1210 4563 1283 4640 filio
1301 4565 1452 4642 Amaldi
1468 4582 1504 4643 et
1520 4569 1642 4648 multis
1659 4571 1737 4673 alijs
1756 4615 1765 4636 ·
