4450 6034
470 526 513 592 liv
1109 525 1379 592 APPENDIX.

472 746 550 842 ojus
566 741 671 834 filius,
689 741 750 841 qui
766 742 967 842 gavisusesl
984 740 1210 818 comitatibus
1229 739 1410 817 Orehodie
1426 754 1464 818 et
1480 739 1640 819 Gathuee
1656 741 1695 817 in
1712 741 1840 820 Soooia
1864 782 1874 802 ·
1902 740 1981 828 Qu

472 871 619 972 quidem
643 871 827 948 Gilbertuo
852 872 1025 948 seeunduu
1042 871 1239 973 procreavit
1255 871 1436 973 Magnum'
1450 872 1598 948 tertium
1613 886 1651 948 et
1667 873 1848 972 quandam
1869 871 1980 950 filiam

473 1001 665 1077 Metildam
682 1003 848 1080 nomine·
868 1003 937 1078 Iste
955 1002 1084 1080 Comes
1101 1001 1261 1104 Magnus
1276 1002 1369 1077 tilius
1387 1002 1544 1080 Gilberti
1559 1004 1704 1086 secundi
1718 1005 1846 1105 genuit
1858 1003 1980 1080 Gumi-

473 1149 546 1207 tem
576 1132 754 1234 Magnum
784 1149 952 1234 quartum
984 1146 1023 1208 et
1052 1133 1232 1234 quendam
1255 1133 1480 1225 Johannem3
1507 1149 1545 1210 et
1569 1134 1632 1210 tuo
1657 1133 1819 1235 Mugnus
1849 1134 1980 1211 Comes

473 1277 619 1362 quartus
641 1265 686 1338 ab
704 1263 770 1340 hue
794 1263 873 1340 luoe
898 1263 984 1340 abiit
1009 1263 1080 1339 fine
1104 1263 1226 1365 prole;
1255 1265 1315 1339 eui
1330 1265 1484 1340 sueeeffit
1505 1264 1687 1352 Johauueo
1709 1267 1790 1367 ejus
1815 1265 1924 1342 frater
1938 1266 1980 1338 iu

474 1395 659 1472 antedieiis
672 1394 898 1472 eomitatibus
915 1395 1093 1471 Oruhadie
1109 1408 1147 1471 et
1165 1395 1323 1472 Cathneo
1341 1435 1350 1456 ·
1368 1396 1552 1474 Johannes
1574 1398 1637 1472 iste
1659 1398 1786 1497 gennit
1799 1397 1979 1497 quendam

474 1527 651 1628 maguum
679 1527 858 1604 Comitem
883 1531 1047 1628 quintum
1073 1567 1084 1587 ο
1112 1526 1184 1602 Oui
1209 1529 1347 1627 magno
1369 1529 1495 1628 quinto
1513 1531 1597 1630 jore
1618 1528 1836 1613 suoeeffionie
1865 1527 1979 1604 linea·

473 1657 554 1734 liter
576 1660 729 1736 suoueffit
755 1659 920 1734 domiuus
946 1657 1104 1743 melisius
1131 1683 1250 1734 eomes
1272 1660 1318 1735 de
1347 1659 1561 1739 Stratherue
1587 1659 1624 1735 iu
1654 1659 1783 1739 Scouiu
1808 1674 1979 1760 tanquam

474 1788 576 1866 hores
592 1789 787 1891 legittimus
800 1793 881 1890 jure
897 1789 1110 1868 hereditario
1126 1791 1174 1866 ad
1189 1793 1352 1890 utrosque
1369 1793 1559 1869 comitatus
1575 1790 1756 1875 Orolradie
1770 1806 1808 1870 et
1818 1791 1980 1868 Gathneo

475 1924 562 1998 siout
587 1922 767 1998 ularissime
790 1923 1014 2003 manifestent
1038 1923 1261 1999 munimenta
1275 1923 1460 2002 euidenoie
1481 1938 1519 2000 et
1540 1938 1637 2000 oarte
1652 1937 1885 2024 utrorumque
1901 1949 1979 2022 rog·

475 2077 604 2129 norum
623 2054 747 2132 Scouie
767 2069 804 2130 et
823 2053 1016 2155 Norwegie
1041 2055 1323 2133 confirmacionis
1348 2055 1498 2155 desuper
1521 2055 1680 2135 oonseute
1705 2097 1716 2126 ι
1741 2055 1818 2143 Qui
1833 2055 1979 2152 quidem

477 2183 607 2260 Comes
632 2184 791 2262 Malislus
818 2211 942 2264 revera
969 2185 1084 2284 primu
1112 2186 1331 2284 desponsavit
1355 2185 1466 2263 filiam
1491 2186 1643 2263 Comitio
1668 2188 1719 2262 ‘do
1742 2185 1913 2262 Menteth
1940 2185 1977 2260 iu

479 2315 603 2392 Seoeia
619 2329 656 2391 et
672 2341 716 2392 ex
734 2341 778 2393 ea
793 2316 916 2418 genuit
942 2315 1050 2392 filiam
1077 2316 1267 2394 Matildum
1284 2316 1449 2409 numium
1478 2319 1557 2418 post
1571 2319 1677 2418 eujus
1698 2317 1842 2417 quidem
1867 2317 1979 2418 primo

476 2444 598 2522 uxorio
624 2445 761 2522 obitum
786 2446 1006 2548 desponsavit
1025 2446 1135 2532 filiam
1159 2449 1338 2548 quandam
1363 2449 1543 2547 quondam
1565 2449 1733 2549 Hugouis
1757 2447 1908 2524 Comitio
1934 2449 1978 2525 de

477 2579 568 2653 Rois
589 2595 625 2656 et
646 2605 691 2655 ex
711 2606 754 2656 ea
769 2581 967 2679 procreavit
984 2592 1137 2680 quatuor
1152 2580 1241 2662 filies
1257 2595 1294 2656 et
1309 2581 1452 2656 deoeffit
1467 2582 1538 2656 sine
1556 2579 1737 2657 masculis:
1765 2581 1882 2678 sieque
1903 2579 1978 2679 ejus

390 2767 397 2774 .
477 2710 633 2786 dominia
649 2725 742 2788 terre
767 2727 804 2788 et
827 2711 1046 2814 possesiones
1062 2711 1209 2800 suerunt
1223 2712 1332 2786 divise
1348 2711 1441 2793 inter
1457 2711 1534 2788 illus
1552 2755 1561 2771 ·
1578 2710 1709 2791 Filiam
1723 2738 1807 2786 vero
1824 2709 1979 2809 untiqui-

477 2867 575 2918 orem
591 2868 636 2918 ex
651 2842 767 2943 prima
782 2848 892 2918 uxore
909 2857 1128 2944 procreatam
1144 2841 1338 2919 Matildem
1349 2841 1481 2920 scilieet
1497 2843 1601 2920 drrxit
1616 2844 1653 2918 in
1669 2857 1825 2919 uxorem·
1834 2842 1978 2918 Welan·

477 2975 544 3049 dus
562 2973 607 3050 de
623 2973 714 3068 Ard,
733 2975 792 3074 qui
810 3002 856 3053 ex
872 3001 915 3052 ea
931 2976 1128 3084 procreavit
1144 2975 1322 3076 quendam
1338 2974 1450 3054 filium
1467 2974 1712 3054 Alexandrum
1729 2977 1775 3052 de
1790 2975 1894 3065 Ard;
1920 2974 1982 3074 qui

477 3107 683 3184 Alexander
704 3109 787 3210 jure
809 3109 911 3212 regni
937 3105 1061 3184 Souuie
1086 3122 1124 3184 et
1148 3108 1401 3184 consuetudine
1432 3108 1646 3186 hereditarie
1667 3109 1820 3186 sueeeffit
1847 3106 1980 3184 Oomiti

477 3241 618 3318 Mulisio
642 3241 687 3318 de
713 3241 903 3350 Stratlrern
930 3241 967 3316 in
990 3238 1176 3342 principali
1200 3240 1359 3317 manerio
1382 3243 1451 3320 sive
1476 3242 1596 3316 muuso
1619 3241 1756 3318 ratione
1777 3241 1837 3316 sne
1860 3240 1981 3318 matris

479 3375 679 3450 Comitatus
697 3375 741 3450 de
760 3374 935 3458 Oethauia
957 3388 993 3450 et
1010 3373 1202 3480 posidebat
1219 3375 1303 3474 juro
1321 3387 1360 3450 et
1381 3372 1621 3474 appelleeione
1637 3373 1789 3448 Comitio
1805 3386 1842 3448 et
1854 3373 1982 3448 eadem

477 3508 615 3584 ratione
638 3522 675 3583 et
697 3509 824 3585 eodem
840 3508 924 3608 jure
949 3507 1088 3607 gavisus
1110 3508 1161 3581 est
1183 3518 1281 3585 certa
1303 3506 1482 3607 perticata·
1497 3507 1566 3582 tive'
1588 3506 1787 3605 quantitate
1807 3518 1981 3582 terrarum

481 3640 659 3718 Orchadie
671 3654 708 3716 et
720 3642 864 3742 gerebat
875 3641 909 3716 se
922 3665 986 3741 pro
1003 3639 1131 3716 ballivo
1141 3653 1182 3714 et
1192 3637 1510 3740 capitaneogeutis
1523 3637 1687 3728 Oroadie,
1700 3635 1742 3711 N
1742 3637 1894 3737 orwegie
1905 3636 1982 3710 Ro-

479 3774 533 3872 gio
550 3799 595 3848 ex
611 3787 739 3874 parter
763 3773 928 3874 idemque
945 3772 1155 3852 Alexander
1171 3773 1218 3848 de
1236 3772 1317 3848 Ard
1335 3779 1496 3870 tempore
1510 3769 1572 3844 suo
1587 3769 1748 3846 vendidit
1764 3783 1801 3845 et
1816 3767 1983 3843 alienavit

480 3905 660 4006 quondum
691 3905 876 3986 recolende
904 3906 1080 3984 memorie·
1105 3905 1252 3982 domiuo
1277 3903 1439 3978 lieberto·
1464 3901 1618 3978 Stenart
1646 3902 1766 4002 primo
1794 3901 1980 3976 Scotorum

480 4035 573 4138 Regi
594 4039 727 4114 ditum
744 4037 967 4117 comitatum
988 4040 1034 4118 de
1060 4039 1223 4117 Cathner
1238 4036 1401 4114 mansum
1420 4038 1490 4111 fite
1511 4034 1710 4111 manerium
1718 4034 1924 4136 'principale
1945 4047 1982 4110 et

480 4171 599 4246 omnia
619 4171 687 4248 alia
707 4174 790 4271 jura
809 4173 999 4274 spetiuntia
1020 4175 1080 4252 sou
1101 4169 1424 4249 ronoemeutiasud·
1437 4170 1471 4244 se
1494 4168 1633 4244 ratione
1655 4168 1778 4243 matris
1801 4169 1883 4269 eju's'
1901 4181 1982 4243 tau·

480 4329 587 4405 quam
603 4305 649 4380 ud
664 4306 900 4404 antiquiorem
916 4307 1070 4383 sororem
1081 4309 1164 4406 jure
1179 4319 1219 4380 et
1234 4280 1487 4380 eonsuetudine
1501 4301 1606 4403 regui
1619 4300 1754 4394 Seooio,
1771 4326 1854 4376 oum
1870 4301 1982 4376 deno-

479 4437 678 4514 minaoione
707 4439 896 4516 comitatus
916 4442 984 4515 sive
1011 4438 1201 4517 Comitia·
1231 4437 1304 4512 Iste
1327 4461 1412 4512 vero
1436 4435 1646 4511 Alexander
1667 4432 1820 4510 finaliter
1844 4433 1983 4509 decessit

479 4575 550 4646 fine
574 4571 707 4649 herede
730 4573 776 4648 de
798 4574 858 4649 suo
884 4599 1028 4674 corpure
1051 4595 1267 4674 quoeunque
1283 4569 1458 4671 legittimo
1478 4581 1692 4672 procreato·
1719 4565 1872 4643 NUNC
1896 4591 1984 4641 vero
