4450 6034
485 543 534 616 40
1058 537 1417 615 REGISTRUM

486 770 636 844 Andren
667 769 787 845 Teket
819 811 830 831 ·
862 769 1023 853 martino
1050 770 1098 846 de
1126 769 1247 846 Lefi·
1282 769 1441 846 Henrieo
1467 769 1669 844 Tentemnn
1700 809 1709 830 ·
1743 766 1921 843 Nichelno
1946 767 1987 841 de

488 901 723 976 Senrdborow
739 943 750 963 ·
768 901 927 978 Henrieo
942 903 989 978 de
1005 901 1164 978 Bedierd
1179 942 1191 963 ·
1208 900 1348 982 (liniiiio
1364 899 1606 976 Treisdenerie
1620 913 1659 977 et
1674 899 1795 983 multis
1810 899 1887 974 eliis
1903 939 1914 958 ·

491 1270 614 1375 Gan
628 1296 674 1372 <10
691 1295 811 1372 soom
825 1293 871 1370 u
887 1308 983 1370 em
997 1292 1169 1370 wnumi
1184 1295 1248 1394 enj
1268 1293 1452 1370 maoch.

425 1575 471 1644 41
494 1535 687 1640 Univerfis
718 1559 833 1634 sanein
860 1557 995 1641 matris
1021 1554 1163 1632 eecleiie
1190 1553 1273 1630 filiis
1301 1554 1370 1631 hoe
1394 1556 1563 1656 seriptum
1586 1556 1711 1632 visuris
1736 1557 1794 1632 vel
1822 1559 1990 1634 audituris

491 1694 671 1767 Robertue
696 1691 756 1766 dei
779 1689 895 1791 gratia
920 1689 1029 1763 abhas
1054 1687 1101 1761 de
1130 1685 1248 1760 Seone
1275 1697 1315 1761 et
1340 1686 1495 1786 ejusdem
1522 1686 1591 1762 loei
1623 1703 1822 1764 eonnentus
1854 1689 1992 1766 humilis

489 1822 635 1897 [alutem
651 1824 689 1896 in
706 1821 852 1896 domino
866 1833 1027 1895 eternam
1054 1855 1065 1875 ·
1090 1816 1277 1892 Noueritis
1297 1843 1363 1892 noe
1383 1819 1564 1894 communi
1581 1819 1746 1894 eonsensu
1761 1835 1801 1895 et
1815 1820 1992 1896 voluntate

489 1953 637 2054 capituli
658 1952 767 2028 nostri
785 1950 881 2025 illem
907 1947 1148 2024 venditionem
1172 1973 1280 2046 quem
1300 1947 1501 2022 Willelmus
1522 1949 1616 2023 filius
1640 1949 1795 2026 Heuoeh
1815 1951 1860 2027 de
1886 1952 1993 2029 Peru

488 2086 573 2159 viris
606 2082 772 2184 religiosis
800 2080 921 2157 abbati
948 2095 987 2155 et
1019 2078 1214 2154 eonuentui
1246 2077 1293 2152 de
1325 2078 1444 2154 Insula
1477 2081 1662 2164 (liifl'urnm
1694 2081 1780 2159 feeit
1811 2099 1928 2158 ratem
1959 2099 1994 2158 et

488 2221 630 2292 firmum
653 2216 825 2291 hebentes
848 2212 1018 2314 presentis
1037 2211 1158 2311 scripti
1181 2212 1289 2286 nostri
1312 2213 1511 2288 munimine
1535 2215 1709 2290 roboraffe
1732 2257 1742 2277 ·
1776 2215 1936 2291 volentes
1959 2232 1994 2292 et

489 2347 723 2424 coneedentes
749 2343 847 2443 qnod
874 2343 959 2418 diei
983 2344 1093 2418 ebbae
1120 2356 1158 2418 et
1186 2357 1384 2418 eonuentus
1416 2343 1545 2420 dietum
1578 2359 1712 2422 terrem
1743 2345 1789 2421 de
1823 2347 1928 2423 nobie
1959 2361 1994 2422 et

489 2477 737 2553 sueeefforibue
758 2473 884 2551 nostris
907 2475 945 2548 in
969 2488 1184 2574 perpetuum
1207 2473 1317 2550 libere
1338 2490 1376 2551 et
1400 2475 1520 2575 quiete
1544 2491 1692 2554 teneant
1715 2493 1753 2554 et
1773 2479 1993 2580 poffideent·

488 2609 652 2684 iaciendo
683 2607 787 2682 nobie
815 2605 910 2682 idem
933 2605 1119 2680 sernieium
1143 2605 1240 2704 quod
1263 2605 1421 2706 prefatus
1446 2605 1647 2684 Willelmue
1673 2610 1789 2686 faeere
1815 2612 1994 2688 consueuit

489 2740 623 2816 scilieet
634 2739 817 2814 reddendo
832 2737 936 2813 nobie
951 2737 1109 2837 quinque
1125 2736 1251 2812 solidos
1266 2738 1452 2814 annuatim
1468 2740 1696 2816 medietatem
1713 2743 1761 2817 ad
1773 2743 1994 2820 Pentieosten

488 2890 527 2950 et
553 2872 781 2949 medietatem
807 2871 856 2944 nd
879 2869 1008 2944 festum
1033 2869 1131 2944 beati
1156 2870 1308 2953 mertini
1333 2897 1399 2970 pro
1423 2872 1522 2947 omni
1547 2873 1698 2950 fornicio
1723 2875 1869 2950 seculari
1901 2877 1993 2952 saluo

487 3007 658 3082 forinseco
674 3004 818 3080 senune
834 3002 972 3078 domini
989 3003 1103 3104 Regis
1131 3045 1140 3062 ·
1166 3003 1217 3079 Et
1233 3029 1297 3078 noe
1314 3005 1508 3105 predieam
1523 3020 1656 3082 terram
1671 3009 1802 3086 eisdem
1820 3011 1943 3086 abbati
1959 3025 1992 3086 et

489 3138 685 3215 conuentui
712 3150 838 3212 eontra
864 3160 989 3211 omnes
1014 3133 1179 3210 homines
1206 3135 1540 3212 warantizabimus
1565 3151 1603 3214 et
1636 3138 1870 3216 defendemus
1905 3184 1915 3202 ·
1950 3142 1991 3216 In

489 3275 591 3374 eujus
610 3270 664 3346 rei
687 3269 928 3346 testimonium
951 3267 1021 3344 hoe
1043 3268 1212 3369 seriptum
1236 3265 1347 3369 figfflo
1371 3270 1488 3346 nostro
1514 3273 1697 3348 communi
1721 3276 1991 3351 roboreuimus·

491 3407 597 3482 Teste
613 3402 772 3505 nepitulo
789 3445 799 3462 ·

494 3767 618 3870 Care
634 3793 866 3870 wuemiue
882 3792 1135 3871 eumundo
1152 3795 1291 3870 Penn-

266 4005 273 4016 ’
427 4063 475 4134 42
495 4028 1992 4160 Omnbus1100neptumvnmnvelauuturnuimnseenayoennbngenn

491 4188 538 4262 de
559 4185 671 4262 Perth
692 4203 853 4262 eternum
874 4187 1078 4262 indumine
1099 4185 1246 4263 sulutem
1272 4228 1283 4248 ·
1307 4185 1463 4264 Nouerit
1489 4186 1694 4266 vniueriitee
1715 4191 1829 4268 vestre
1849 4219 1908 4268 me
1930 4219 1993 4295 pro

334 4379 340 4388 .
492 4316 602 4399 salute
622 4317 741 4394 anime
764 4345 844 4396 mee
865 4332 904 4394 et
923 4319 1180 4406 enteeefi'orum
1201 4343 1362 4396 meorum
1387 4318 1518 4396 dediffe
1537 4321 1729 4397 eoneeffiffe
1751 4335 1790 4398 et
1808 4321 1876 4399 hee
1897 4339 1994 4400 carta

493 4477 574 4529 mea
594 4452 811 4530 confirmufl'e
832 4452 901 4529 deo
925 4464 963 4527 et
983 4451 1087 4528 beate
1111 4450 1230 4534 marie
1258 4465 1296 4526 et
1320 4451 1425 4528 bento
1452 4450 1610 4528 Johenni
1635 4451 1790 4553 apostole
1817 4469 1855 4530 et
1882 4481 1993 4531 euen-
