4450 6034
490 528 540 598 30
1062 519 1421 600 REGISTRUM

492 754 722 830 donationem
742 753 839 829 illam
862 779 970 854 quam
992 754 1043 829 eis
1060 753 1231 830 Tristram
1252 753 1352 830 dedit
1373 751 1502 828 scilicet
1523 775 1635 824 vnum
1660 747 1812 825 mestum
1832 747 1871 822 in
1892 747 1993 822 terri-

492 887 584 964 torio
599 886 661 961 sno
678 887 724 962 de
740 885 1004 962 Eddardonecb
1020 887 1117 986 quod
1132 887 1183 962 est
1204 884 1438 986 propinquius
1457 885 1580 984 stagno
1602 879 1796 956 molendini
1816 880 1861 955 de
1880 879 1994 978 Gorty

494 1018 611 1093 versus
640 1017 815 1093 orientem
843 1017 897 1091 ita
924 1016 1034 1092 libere
1067 1021 1104 1090 et
1138 1016 1257 1116 quiete
1291 1017 1377 1090 licut
1409 1013 1555 1089 liberius
1588 1027 1626 1088 et
1658 1011 1816 1111 quiecius
1848 1009 1994 1112 predicti

494 1151 666 1226 Tristram
702 1163 801 1225 carta
837 1149 984 1224 testetur
1014 1191 1024 1214 ·
1063 1148 1130 1222 Hii
1159 1149 1239 1224 sunt
1273 1149 1377 1225 testes
1409 1189 1419 1208 ·
1449 1146 1487 1223 G
1518 1143 1785 1221 archidiaconus
1811 1143 1994 1217 Abbraam

493 1281 697 1383 capellanus
732 1280 873 1356 comitis
915 1279 1056 1354 Bricius
1092 1280 1241 1380 persona
1273 1279 1319 1354 de
1358 1277 1464 1355 Grese
1504 1275 1691 1377 Philippus
1731 1275 1777 1350 de
1810 1271 1994 1357 melkincb

495 1412 671 1488 Ricardus
693 1411 792 1496 tolles
815 1412 860 1488 de
882 1411 1045 1513 Kynbuk
1068 1410 1246 1486 Ricardus
1270 1409 1403 1486 Inneth
1431 1449 1440 1470 ·
1464 1406 1664 1486 Nicholaus
1686 1407 1731 1482 de
1753 1403 1993 1506 Dolpatrick·

495 1543 675 1619 Hearicus
695 1543 790 1618 silius
810 1543 981 1618 Tristram
1004 1541 1189 1621 Galsridus
1210 1541 1255 1616 de
1279 1540 1377 1618 Gatk
1392 1539 1571 1624 oeakbeth
1586 1539 1680 1616 iilius
1697 1538 1808 1614 Brcni
1830 1534 1993 1614 Gilmecb

494 1677 539 1754 de
555 1677 706 1754 Dnuine
722 1674 880 1752 etmulti
896 1675 956 1778 abJ
976 1716 986 1735 ·

497 2047 619 2150 (berta
634 2072 680 2149 de
698 2072 821 2149 decem
836 2070 965 2146 marcis
982 2071 1019 2144 in
1037 2071 1189 2146 Petcam
1208 2113 1216 2130 ·

429 2332 478 2404 ao
497 2309 693 2411 Omnibus
716 2331 781 2407 nn
805 2330 924 2406 ueras
949 2329 1070 2404 vuum
1094 2329 1151 2406 ve
1175 2329 1348 2406 audituris
1373 2328 1531 2414 onnus
1561 2357 1680 2408 eomes
1709 2333 1754 2408 ee
1786 2332 1995 2436 Stratheryn

494 2467 591 2542 silius
606 2480 643 2540 et
665 2464 767 2539 heres
786 2461 915 2545 maliti
936 2461 1117 2560 quondam
1139 2461 1276 2536 comitis
1299 2461 1344 2536 de
1373 2459 1587 2562 Stratheryn
1612 2461 1759 2540 sulutem
1781 2478 1941 2541 eternam
1960 2466 1996 2540 iu

498 2599 644 2674 domino
656 2595 841 2670 Noueritis
863 2620 928 2668 nos
950 2594 1126 2694 assignasse
1142 2594 1307 2670 abbatem
1324 2607 1360 2670 et
1382 2607 1602 2670 conuentum
1618 2597 1663 2672 de
1681 2596 1798 2672 Insula
1813 2596 1997 2678 &liliatum

498 2730 546 2806 ad
574 2729 699 2804 decem
727 2751 866 2800 marcas
890 2723 1032 2824 argenti
1055 2725 1101 2800 de
1126 2735 1332 2800 tenemento
1357 2726 1475 2802 nostro
1503 2727 1549 2801 de
1575 2727 1728 2803 Petcarn
1752 2730 1939 2804 annuatim
1963 2743 1999 2804 et

496 2862 536 2936 in
565 2872 781 2960 perpetuum
806 2856 1052 2957 percipiendas
1080 2856 1128 2932 ad
1153 2855 1242 2930 duos
1275 2855 1360 2930 anni
1385 2855 1556 2932 terminos
1580 2857 1745 2936 videlicet
1771 2861 1997 2938 medietatem

497 2992 545 3068 cd
577 2991 706 3066 festum
735 2987 944 3064 Penticostis
972 3001 1010 3064 ct
1035 2985 1141 3062 aliam
1169 2985 1397 3062 medietatem
1424 2987 1471 3061 ad
1499 2987 1626 3064 festum
1653 2990 1760 3066 sandi
1787 2992 1939 3076 martini
1962 2994 2000 3068 iu

497 3149 603 3226 yeme
634 3165 643 3182 ·
676 3119 799 3210 Quare
824 3119 988 3197 volumus
1016 3119 1244 3196 concedimus
1276 3135 1314 3196 et
1346 3119 1494 3198 firmiter
1527 3121 1756 3223 precipiendo
1788 3125 2000 3202 mandamus

500 3253 680 3337 warbeth
701 3252 775 3328 filio
795 3251 1007 3327 Ferchware
1023 3250 1134 3326 libero
1156 3249 1294 3326 tenenti
1310 3250 1429 3325 nostro
1453 3250 1602 3350 predicti
1624 3253 1819 3329 tenementi
1841 3269 1877 3330 et
1896 3256 2000 3334 here-

499 3387 606 3463 dibus
621 3385 692 3460 suis
706 3383 763 3460 vel
782 3382 957 3484 assignatis
979 3382 1244 3482 quibuscunque
1263 3395 1438 3482 quatenus
1461 3380 1549 3456 nulli
1571 3381 1782 3460 balliuorum
1802 3388 2000 3465 nostrorum

499 3545 567 3596 nec
582 3517 689 3594 alicui
709 3515 768 3592 alii
789 3517 853 3592 nisi
875 3513 1124 3590 tantummodo
1147 3515 1267 3590 abbati
1283 3528 1320 3592 et
1336 3514 1514 3591 canonicis
1534 3517 1580 3591 de
1594 3515 1788 3594 Inchnffrin
1803 3519 1861 3594 vel
1877 3547 2000 3597 eorum

500 3649 676 3750 assignatis
696 3647 743 3722 de
765 3645 930 3747 predictis
946 3645 1071 3722 decem
1086 3645 1212 3729 toarcis
1232 3645 1280 3720 ad
1301 3645 1412 3722 didos
1435 3647 1606 3724 terminos
1626 3648 1863 3749 persoluendis
1882 3652 2000 3752 aliquo

501 3796 662 3878 tempore
678 3777 911 3878 respondeant
926 3776 987 3852 sed
1009 3777 1147 3852 easdem
1171 3777 1314 3878 prefatis
1337 3776 1502 3879 religiosis
1518 3778 1573 3855 vel
1593 3805 1716 3856 eorum
1735 3785 1925 3859 attornatis
1940 3786 2000 3860 seu

499 3911 676 4012 alligastis
691 3913 780 3986 licut
801 3909 998 4010 predictum
1020 3911 1069 3985 est
1086 3910 1239 3988 fideliter
1259 3925 1297 3988 et
1321 3913 1450 4012 absque
1473 3913 1631 4014 dampno
1648 3915 1826 3992 dilationis
1841 3917 1999 4019 plenarie

501 4041 703 4143 persoluant
725 4083 735 4103 ·
759 4042 805 4115 ln
822 4044 925 4142 cujus
945 4042 999 4118 rei
1015 4043 1254 4119 testimouium
1276 4045 1496 4146 presentibus
1520 4045 1669 4148 sigillum
1689 4050 1845 4124 nostrum
1868 4051 2000 4153 apponi

500 4173 686 4250 fecimus·
715 4175 816 4249 Data
839 4173 937 4275 apud
961 4173 1178 4276 lnnyrpesyr
1204 4175 1243 4249 in
1269 4175 1417 4252 crastino
1445 4177 1730 4256 annunciationis
1758 4181 1859 4258 beate
1882 4182 1998 4266 aleris

502 4305 664 4408 Virginis
679 4332 774 4383 anno
790 4305 902 4408 gratie
917 4305 1095 4390 millesimo
1111 4313 1189 4383 οο11ιο
1206 4307 1411 4408 octogesimo
1427 4309 1532 4386 tertio
1550 4351 1559 4370 ·
