4450 6034
441 564 504 629 122
892 562 1090 629 CARTAE
1116 562 1473 630 Rucuurlosus

439 766 623 833 inductione
643 766 835 834 decimarum
854 764 921 833 feni
940 775 973 833 et
995 764 1121 833 brosii.
1145 765 1296 834 solvendo
1313 766 1410 835 etism
1428 765 1631 833 herereldnm
1652 789 1726 833 cum
1745 789 1804 853 per
1821 777 1955 833 mortem

440 886 608 971 eontigerit
621 908 680 953 seu
693 906 752 972 pro
766 884 877 953 endem
892 892 1029 973 quotuor
1042 883 1140 951 libros
1153 895 1291 952 monete.
1333 886 1421 953 Dete
1430 887 1517 972 spud
1532 884 1709 973 Incheilrey
1718 889 1760 953 10
1776 888 1855 954 Feb.
1871 890 1955 954 1558

440 1007 500 1071 sub
515 1004 676 1071 communi
689 1002 795 1089 sigillo
810 1002 940 1091 cspituli
956 1013 991 1071 et
1005 1002 1290 1091 subsmiptiouibus
1303 1002 1505 1071 manualibus
1518 1025 1583 1091 que
1596 1017 1784 1091 sequuntur.

483 1240 665 1307 Alexander
680 1240 973 1309 Commendeterius
1060 1242 1226 1308 Jolsnnnes
1239 1240 1342 1307 Reor
1510 1240 1694 1308 Alexander
1706 1242 1840 1326 Murrsy

482 1362 620 1427 Thomas
635 1361 800 1429 Gerdener
809 1360 901 1427 Prior
1056 1360 1183 1427 Perrlus
1198 1361 1396 1447 Gwnyghem
1507 1360 1654 1429 Androm
1668 1362 1823 1427 Famem.

481 1483 623 1548 lacobus
638 1480 844 1547 Reoueldson
1052 1478 1233 1545 Willelmns
1247 1478 1387 1545 Melrose

481 1601 645 1666 Johannes
661 1600 724 1665 Cer
1049 1596 1229 1665 Willelmue
1239 1598 1402 1663 Ruthwen

253 2038 259 2051 Ι
400 1958 420 2021 8
438 1958 534 2022 Certe
562 1958 603 2022 sb
632 1955 745 2021 eodem
773 1956 859 2021 fecto
888 1951 1028 2020 Patricio
1055 1953 1187 2039 Murruy
1215 1973 1312 2038 super
1340 1953 1509 2021 duodecim
1544 1956 1694 2023 merentis
1723 1967 1882 2023 terrarum
1912 1958 1951 2023 de

436 2079 579 2145 Newrsw
609 2074 734 2163 entiqui
763 2084 913 2142 extentus
943 2094 1017 2138 cum
1046 2070 1252 2157 pertinenciis
1277 2072 1462 2157 jacentibus
1490 2073 1524 2138 in
1556 2075 1707 2160 parochis
1735 2077 1776 2141 de
1808 2076 1954 2161 liederty

437 2194 647 2281 quadraginta
657 2192 801 2260 solidetis
811 2202 966 2259 terrerum
977 2190 1018 2256 de
1032 2188 1220 2275 Thornyhill
1233 2189 1314 2257 elios
1324 2190 1467 2258 Wellnoe
1481 2192 1557 2257 lund
1569 2214 1643 2259 cum
1657 2203 1751 2280 preto
1764 2203 1800 2261 et
1808 2194 1954 2260 domibus

436 2324 469 2381 et
493 2314 595 2381 hortis
618 2312 791 2381 eorundem
816 2310 909 2377 terris
934 2310 975 2375 de
1000 2305 1219 2395 Wynmynhill
1244 2308 1338 2375 terris
1363 2308 1404 2375 de
1427 2311 1545 2377 Werde
1570 2312 1699 2377 Todlrill
1724 2322 1758 2379 et
1782 2314 1953 2400 Heygreue

435 2437 583 2505 boudetis
603 2447 638 2503 rt
659 2435 804 2523 sequitur
817 2434 877 2499 rin.
900 2432 983 2499 inter
1005 2430 1117 2497 silvam
1130 2440 1275 2496 voertam
1295 2431 1476 2499 lneheriott
1489 2442 1523 2499 et
1536 2432 1579 2498 lie
1596 2433 1665 2519 geit
1685 2434 1822 2521 pnssnnd
1835 2433 1886 2498 fre
1900 2434 1953 2499 the

394 2566 399 2579 ·
436 2555 563 2622 Todhill
579 2566 612 2621 to
632 2554 687 2621 the
707 2553 782 2639 lung
797 2552 890 2617 medo
911 2572 954 2617 ex
972 2548 1165 2615 occidentali
1178 2548 1310 2615 viridem
1330 2550 1460 2616 hortum
1481 2550 1655 2637 vulgariter
1675 2553 1731 2619 the
1746 2574 1845 2638 grene
1868 2554 1953 2619 cnud

435 2672 620 2741 eminirlnne
643 2670 730 2737 uaird
746 2680 780 2737 et
800 2670 843 2735 lie
862 2666 999 2755 priouris
1020 2667 1113 2735 medo
1132 2689 1174 2733 ex
1195 2666 1343 2733 orientali
1363 2678 1399 2734 et
1418 2667 1462 2735 lie
1481 2691 1552 2756 porr
1572 2692 1616 2736 ex
1632 2670 1746 2737 boriali
1762 2681 1797 2738 et
1813 2672 1858 2737 lie
1871 2671 1955 2738 weill

436 2791 517 2857 croit
532 2799 565 2855 et
579 2789 718 2855 eclrome
732 2786 821 2854 leuld
835 2808 877 2852 ex
891 2784 1024 2853 australi
1039 2783 1185 2871 pertibus
1198 2794 1233 2851 et
1246 2806 1344 2872 super
1359 2795 1453 2872 preto
1467 2787 1564 2875 vulgo
1578 2800 1692 2855 vocato
1709 2790 1848 2877 priouris
1861 2794 1954 2859 medo

435 2920 469 2977 et
478 2909 610 2977 dirersis
621 2907 767 2975 domibus
781 2916 815 2973 et
828 2904 872 2970 lie
886 2904 948 2989 ged
964 2902 1088 2969 stenkis
1102 2914 1137 2969 et
1150 2903 1475 2990 postursenimnlium
1489 2905 1524 2970 in
1538 2905 1581 2973 lie
1594 2908 1720 2974 duobus
1734 2910 1827 2976 West
1837 2910 1953 2976 liossis

435 3040 469 3098 et
483 3030 525 3097 lie
540 3028 630 3095 braid
651 3026 749 3093 lnclrc
775 3025 815 3091 de
838 3020 1016 3108 Incheffroy
1030 3042 1094 3087 vno
1115 3040 1190 3087 cum
1208 3021 1376 3108 privilegio
1389 3023 1535 3090 uendi
1557 3036 1593 3093 et
1613 3026 1756 3093 fodiendi
1778 3028 1952 3095 octodecim

434 3152 537 3217 dietus
557 3158 704 3235 petnrum
722 3145 756 3211 in
775 3142 871 3211 dietis
890 3140 1049 3209 marceniis
1068 3139 1247 3207 Reddendo
1264 3141 1339 3209 iude
1361 3142 1525 3210 annuatim
1545 3144 1661 3231 viginti
1682 3147 1780 3213 libres
1803 3153 1953 3234 quamorss

434 3270 537 3337 decim
552 3265 668 3333 solidos
686 3275 720 3331 et
734 3273 806 3331 octo
820 3260 966 3327 denarios
980 3281 1103 3327 necnon
1119 3260 1312 3345 duplicando
1327 3260 1444 3329 dictem
1462 3284 1618 3331 summum
1635 3266 1770 3333 introitu
1783 3267 1954 3334 cuiuslibet

434 3386 569 3455 heredis·
613 3386 700 3451 Dete
717 3383 778 3449 sub
793 3379 952 3448 communi
974 3377 1081 3465 sigillo
1101 3388 1137 3443 et
1157 3379 1444 3465 subscriptionibus
1465 3384 1597 3470 capituli
1618 3388 1705 3472 apud
1727 3388 1952 3454 monesterium

438 3507 547 3574 lnsule
561 3504 732 3571 Missurum
747 3503 789 3569 10
804 3502 880 3566 Feb.
898 3500 994 3565 1558.

280 3853 282 3856 ’
400 3862 420 3923 9
440 3866 691 3931 instrumentum
706 3880 778 3926 cum
794 3868 945 3945 precepto
960 3858 1064 3925 steine
1079 3880 1177 3946 super
1189 3860 1309 3926 eisdem
1323 3861 1433 3928 dotum
1449 3864 1490 3933 17
1506 3864 1582 3950 Sep.
1599 3867 1694 3932 1559.

379 4219 421 4284 10
441 4219 537 4285 Corte
557 4211 781 4283 feudilirmsriu
806 4233 879 4279 curn
899 4225 1051 4300 precepto
1074 4214 1180 4282 sosine
1203 4216 1245 4282 eb
1264 4216 1376 4283 eodem
1401 4238 1460 4305 pro
1479 4241 1604 4287 summe
1623 4223 1760 4289 duorum
1785 4224 1873 4292 mille
1895 4227 1955 4293 lib-

439 4356 547 4404 rerum
568 4342 695 4399 monete
718 4330 824 4399 Sootie
846 4333 932 4399 sacta
951 4332 1090 4399 Patricio
1111 4336 1243 4423 Murrsy
1256 4334 1323 4401 illio
1339 4337 1469 4424 Antonij
1488 4340 1620 4429 Murrey
1634 4343 1675 4407 de
1693 4344 1837 4411 Dullerie
1859 4370 1956 4435 super

440 4454 534 4521 terris
548 4450 735 4538 subscriptis
749 4450 896 4519 videlicet
909 4450 1075 4518 duodecim
1095 4454 1243 4520 marcetis
1261 4464 1417 4522 terrerum
1434 4457 1474 4523 de
1494 4458 1640 4528 Newrsrr
1658 4465 1784 4551 antiqui
1804 4476 1954 4535 extentus
