4450 6034
842 591 1131 658 dPPENDIX.
1695 597 1728 661 lv

214 825 403 887 vertamus
420 809 538 887 stilum
554 811 600 884 nd
612 822 766 910 quotuor
781 807 872 885 filiae
890 835 936 886 ex
952 810 1105 886 seeundo
1118 804 1233 886 uxore
1241 825 1466 912 procreatam
1493 828 1642 911 querum
1655 837 1728 887 una

216 944 427 1044 desponsata
442 957 518 1019 eret
534 969 616 1018 eum
632 940 776 1018 domino
793 939 970 1018 Willelmo
985 944 1032 1018 de
1051 943 1182 1018 Saudo
1200 941 1309 1020 Olmo
1331 944 1491 1020 Domino
1506 943 1541 1020 ie
1559 943 1727 1048 Synolnr3

215 1079 282 1178 qni
305 1078 472 1151 dominns
486 1073 673 1151 Wilelmne
688 1101 736 1152 ex
752 1101 794 1152 ee
809 1076 935 1178 genuit
956 1075 1140 1150 dominnm
1166 1075 1366 1152 Henrioum
1383 1077 1429 1154 de
1447 1077 1578 1153 Sanno
1595 1075 1726 1167 clam

215 1209 283 1308 qui
311 1207 478 1282 dominun
515 1207 696 1283 Henriene
729 1208 948 1310 desponsavit
977 1207 1146 1284 Jonetnm
1179 1207 1289 1284 filiem
1325 1209 1462 1284 domini
1491 1207 1645 1285 Walteri
1681 1210 1726 1283 de

215 1339 623 1418 Helibnrtonndomini
641 1341 687 1416 de
702 1339 893 1417 Dirletonn
913 1357 950 1416 et
972 1367 1019 1416 ex
1039 1361 1082 1416 ee
1102 1341 1301 1444 procreavit
1320 1341 1507 1417 dominnm
1526 1340 1727 1417 Henrioum

214 1473 260 1549 de
282 1473 414 1549 Sanno
431 1473 539 1550 Olmn
554 1471 759 1567 seeundum,
776 1473 837 1572 qui
858 1469 985 1548 ultimo
1010 1473 1151 1548 deeeffit
1173 1499 1290 1551 eemee
1308 1473 1462 1549 Orondie
1478 1473 1724 1561 indubitatum

214 1606 278 1706 qni
303 1605 342 1680 in
367 1631 516 1682 uxorem
536 1601 662 1680 hebuit
676 1604 911 1682 venerabilem
935 1605 1118 1680 dominam
1135 1606 1321 1681 dominnm
1344 1605 1511 1706 Egidiem
1527 1594 1637 1681 filiem
1652 1597 1725 1680 'filie

214 1737 387 1814 meedieti
428 1737 610 1837 quondam
650 1736 786 1814 domini
815 1736 965 1813 Roberti
1000 1729 1190 1814 Sootoium
1222 1737 1334 1839 Regis
1366 1736 1513 1813 illustris
1545 1727 1724 1838 filiamque

214 1869 399 1968 quondam
423 1869 643 1945 strenuissimi
667 1869 803 1945 domini
832 1867 989 1944 Wilelmi
1014 1871 1060 1944 de
1085 1868 1247 1970 Deuglne
1261 1869 1409 1944 'domini
1430 1870 1478 1944 de
1506 1868 1721 1971 Nydysdnle

214 2017 252 2076 et
287 2027 332 2076 ex
368 2027 411 2078 ee
450 2002 652 2100 procreavit
686 2003 882 2102 presentem
915 2001 1100 2077 dominum
1131 1997 1337 2077 Wiielmnm
1370 2003 1419 2078 de
1453 2001 1583 2078 Soneio
1617 1999 1724 2078 claro

215 2133 397 2244 Comitem
415 2132 569 2210 Orondie
585 2133 782 2208 Dominum
801 2132 836 2209 le
854 2131 1023 2235 Synelere
1042 2177 1051 2193 ·
1071 2133 1238 2222 Quedam
1255 2134 1325 2208 elin
1345 2133 1420 2210 fllia
1434 2135 1587 2210 seeundo
1602 2135 1723 2209 uxoris

215 2267 423 2366 desponsata
449 2266 517 2341 init
536 2291 618 2341 eum
640 2265 794 2366 quodam
816 2265 928 2341 milite
948 2265 1176 2341 denominato
1202 2239 1449 2342 Here-Ginfill
1471 2266 1518 2342 de
1542 2267 1723 2342 Swethrik

214 2400 379 2500 partibus
414 2398 586 2489 oriund03
621 2399 683 2498 qui
707 2425 792 2473 vero
822 2397 922 2475 miles
952 2397 989 2472 in
1018 2397 1172 2474 Oreadie
1197 2399 1358 2499 pestibus
1382 2398 1481 2475 venit
1513 2412 1551 2474 et
1574 2401 1656 2497 jme
1680 2425 1723 2474 ao

214 2531 354 2607 ratione
371 2531 431 2606 sue
447 2529 570 2606 uxoris
584 2531 721 2630 gavisus
734 2531 784 2606 est
800 2529 955 2630 quedem
971 2545 1072 2631 perte
1089 2545 1263 2606 terrerum
1277 2525 1480 2623 Orehndi03
1497 2559 1568 2633 qne
1579 2523 1722 2631 quidem

213 2689 306 2738 uxor
324 2664 371 2737 ab
394 2661 460 2738 hae
481 2661 560 2738 luee
581 2664 653 2736 sine
675 2660 807 2738 herede
823 2662 988 2764 migravit
1011 2661 1187 2765 legittimo
1204 2690 1249 2739 ex
1265 2665 1327 2739 suo
1343 2690 1493 2766 eoi-pore
1509 2679 1721 2766 procreato·

120 2845 123 2850 -
215 2794 341 2871 Tertia
356 2820 440 2870 vero
462 2793 536 2869 filia
557 2793 707 2869 secunde
727 2794 846 2870 uxoris
868 2793 937 2871 init
959 2807 1076 2896 nupta
1098 2821 1181 2870 eum
1201 2795 1356 2895 quodam
1374 2795 1563 2873 Gothredo
1578 2799 1721 2872 nomine
1804 2788 1810 2798 ’

216 2927 419 3005 Gothormo
440 2927 475 3003 le
493 2919 626 3029 Spere;
653 2926 714 3026 qui
738 2952 783 3002 ex
804 2951 846 3002 ee
867 2927 1064 3026 procreavit
1084 2928 1264 3028 quendam
1280 2927 1394 3002 filium
1409 2919 1595 3004 dominnm
1611 2929 1722 3012 mali·

214 3061 303 3134 sium
328 3059 363 3136 le
394 3059 506 3158 Spero
530 3057 688 3148 militem,
717 3060 779 3160 qui
805 3059 952 3134 tandem
977 3059 1117 3135 deeeffit
1140 3061 1212 3135 sine
1237 3060 1369 3136 herede
1390 3060 1564 3162 legittimo
1589 3062 1636 3138 de
1660 3063 1721 3135 sno

215 3213 364 3293 eorpme
380 3191 503 3292 genito
521 3234 532 3251 ·
549 3191 723 3267 Similiter
739 3206 776 3268 et
792 3205 921 3292 quarte
934 3189 1007 3266 filio
1022 3191 1162 3267 deoeffit
1187 3195 1259 3268 fine
1280 3191 1412 3268 herede
1431 3217 1479 3268 ex
1497 3193 1559 3268 sno
1575 3217 1720 3293 eorpore

213 3325 388 3426 legittime
411 3337 595 3424 procreato
622 3365 631 3384 ·
654 3324 792 3400 Verum
816 3323 878 3400 iste
905 3324 1072 3400 dominus
1096 3322 1286 3416 Henriene,
1323 3323 1460 3424 primun
1484 3323 1662 3400 Dominus
1685 3324 1720 3399 le

217 3457 485 3557 Sinelene,'ejue
508 3472 632 3545 matre,
660 3456 868 3534 Alexandro
898 3457 943 3535 de
967 3451 1105 3532 Ardet
1130 3455 1275 3530 domino
1289 3453 1448 3532 Maleto
1462 3455 1585 3554 'Spero
1600 3455 1719 3530 adhue

214 3591 426 3678 viventibus,
439 3589 492 3665 'od
508 3590 693 3666 dominnm
702 3591 866 3665 nostrum
881 3589 1084 3688 supremum
1099 3613 1219 3689 regem
1243 3582 1436 3688 Norwegie
1459 3586 1573 3663 adivit
1589 3587 1723 3681 Haeon

216 3723 369 3816 nomine,
383 3747 469 3798 enm
482 3739 559 3820 ¹qno
577 3748 661 3822 rege
682 3735 796 3798 certon
813 3721 892 3796 iniit
908 3723 1087 3822 petitiones
1102 3719 1325 3796 eonditionee
1340 3733 1377 3795 et
1392 3711 1719 3822 opptinetuementn

215 3883 279 3958 per
294 3857 448 3956 quasque
463 3854 620 3930 reversus
637 3855 687 3930 est
703 3854 749 3928 ed
767 3853 946 3930 Orehedie
962 3867 1081 3955 partes
1098 3851 1231 3953 illisque
1246 3843 1383 3952 gavisus
1399 3853 1450 3929 est
1464 3852 1574 3952 usque
1590 3850 1637 3928 ad
1653 3879 1718 3929 ex-

215 4003 369 4065 tremum
384 3988 456 4064 vite
471 3988 542 4081 sue,
554 3977 739 4086 comesque
751 3985 905 4062 Oreedie
921 3985 1008 4063 obiit
1024 3998 1061 4062 et
1073 4009 1139 4085 pro
1152 3977 1350 4062 defensione
1361 3985 1476 4085 patrie
1488 3985 1578 4061 inibi
1589 3987 1717 4062 erude-

214 4119 293 4197 liter
317 4122 363 4196 eb
388 4120 538 4196 inimieie
563 4133 769 4220 peremptus
794 4119 875 4194 est·
904 4119 1055 4218 Et'post
1080 4118 1256 4194 deeefl'nm
1279 4108 1376 4193 istius
1399 4105 1554 4200 'Homini
1578 4120 1717 4195 comitis

214 4253 319 4352 primi
343 4252 382 4327 in
398 4251 554 4328 Oroedie
577 4252 748 4352 pertibus,
773 4251 973 4353 supervenit
997 4251 1080 4326 dieti
1104 4250 1259 4327 Comitio
1284 4243 1433 4326 Henriei
1458 4251 1565 4353 primi
1588 4266 1713 4343 meter,

214 4384 285 4460 filie
312 4384 448 4460 domini
476 4383 613 4469 maledi
640 4383 792 4460 Oomitie
808 4383 1055 4484 prenominati,
1080 4397 1117 4459 et
1140 4382 1190 4458 ibi
1218 4383 1290 4460 fixe
1318 4385 1614 4483 renitentesque
1636 4385 1714 4485 post

214 4517 350 4592 obitum
361 4515 426 4590 filii
442 4518 518 4616 ejus
536 4517 687 4594 Henriei
698 4515 848 4593 Comitis
863 4517 969 4617 primi
974 4542 984 4606 ;
1002 4530 1039 4592 et
1054 4503 1293 4618 supervixeret
1309 4517 1387 4617 post
1403 4507 1713 4592 obitum'omnium

213 4649 366 4736 sororum
400 4650 552 4742 suarum,
585 4647 738 4726 filiorum
769 4647 993 4748 filiammque
1021 4649 1162 4724 suorum
1174 4673 1185 4739 3
1212 4650 1259 4734 fio
1289 4647 1388 4748 quod
1413 4647 1519 4748 ipsios
1544 4646 1712 4722 antedidi
