4450 6034
743 563 821 636 DE
853 560 1257 639 INOHAFFERY.
1702 569 1751 640 35

243 800 287 876 de
303 801 409 874 firme
432 796 579 895 prodisti
595 795 789 870 tenementi
805 795 851 870 de
866 793 1126 869 Abbircarnich
1148 795 1219 868 sine
1242 791 1516 866 contmdidtione
1536 789 1676 892 [nostri]
1695 788 1751 865 vel

242 930 415 1028 heredum
433 929 630 1003 nostrorum
645 925 702 1001 vel
719 927 967 1027 offignetorum
985 925 1164 1024 quousque
1189 923 1336 1024 prodisti
1353 923 1500 1022 religiosi
1524 937 1641 998 totum
1667 949 1750 1022 pre-

244 1064 376 1138 disum
407 1060 569 1137 debitum
598 1060 644 1135 de
673 1058 829 1159 predica
856 1060 960 1132 firme
988 1058 1153 1157 sepedisti
1177 1056 1374 1132 tenementi
1404 1057 1449 1131 de
1475 1054 1750 1156 Abbircernych

244 1197 345 1270 dictis
371 1193 533 1270 terminis
556 1195 643 1268 sicut
667 1193 866 1293 predidtum
890 1193 942 1268 est
965 1191 1124 1290 plenarie
1150 1205 1186 1266 et
1210 1191 1348 1291 integro
1373 1190 1572 1291 receperint
1597 1189 1750 1264 termino

244 1328 358 1429 prime
381 1326 561 1402 solutionis
583 1326 674 1402 dicte
696 1325 847 1427 pecunie
871 1325 1062 1426 incipiente
1084 1325 1130 1399 ad
1151 1324 1276 1399 festum
1300 1323 1502 1425 penticostis
1528 1349 1622 1398 enno
1639 1323 1751 1424 gretie

243 1460 426 1537 millefimo
443 1469 520 1534 cc¹²⁰
536 1459 674 1535 decimo
692 1461 814 1534 ostano
841 1497 851 1518 ·
878 1459 923 1534 In
940 1460 1041 1556 cujus
1057 1457 1109 1532 rei
1132 1457 1370 1533 testimonium
1395 1455 1505 1532 literis
1530 1455 1751 1557 presentibus

245 1586 395 1695 sigillum
422 1592 579 1665 nostrum
606 1589 755 1664 fecimus
784 1590 917 1690 apponi
948 1569 1083 1664 ·Dato
1106 1589 1204 1688 apud
1230 1587 1335 1664 Orefe
1362 1588 1419 1663 die
1443 1588 1550 1662 sensti
1575 1586 1751 1662 Ambrofii

246 1753 341 1802 nuno
376 1723 573 1826 supraditto
609 1763 619 1784 ·
660 1722 742 1796 Hiis
774 1723 920 1797 testibus
955 1722 1100 1796 domino
1141 1721 1299 1796 Roberto
1337 1720 1396 1794 dei
1436 1721 1550 1821 gretie
1590 1720 1751 1820 episcopo

247 1856 492 1932 Dunblenensi
509 1895 519 1916 ·
538 1855 682 1930 domino
699 1854 863 1955 Eugenio
881 1855 926 1928 de
944 1853 1105 1954 Argadia
1122 1892 1131 1913 ·
1150 1852 1300 1946 domino,
1313 1853 1357 1935 α)
1380 1892 1389 1911 ·
1411 1850 1587 1925 auunculo
1605 1851 1721 1924 nostro
1742 1891 1750 1910 ·

249 1985 392 2060 domino
419 1983 487 2056 N·
510 1983 643 2058 restore
666 1981 805 2059 ecclesie
826 1983 871 2058 de
892 1981 1025 2058 Grefe·
1049 1983 1202 2058 dominis
1224 1983 1262 2060 G
1285 2027 1293 2044 ·
1320 1983 1345 2058 J
1373 2025 1381 2044 ·
1407 1997 1444 2058 et
1464 1982 1496 2055 B
1522 2023 1532 2043 ·
1558 1982 1751 2056 restoribus

249 2117 471 2195 ecclesiarum
495 2114 541 2191 de
562 2114 697 2216 Oomry
720 2117 765 2190 de
788 2114 988 2216 Buohfydir
1006 2117 1051 2192 de
1071 2116 1259 2218 (tlonyhge
1282 2156 1292 2176 ·
1319 2116 1352 2189 T
1373 2159 1381 2176 ·
1399 2116 1445 2190 de
1467 2115 1613 2216 Gorty·
1633 2114 1752 2189 Bricio

251 2253 296 2328 de
318 2250 512 2324 Ardrossan
529 2262 566 2326 et
582 2249 704 2324 multis
720 2248 796 2323 aliis
824 2291 832 2308 ·
858 2249 938 2324 Nos
960 2276 1043 2325 vero
1066 2262 1104 2326 et
1128 2250 1277 2324 heredes
1294 2249 1402 2324 nostri
1420 2249 1476 2324 vel
1497 2249 1655 2350 assignati
1675 2274 1753 2346 pre-

251 2386 361 2460 distas
386 2384 446 2458 sex
470 2407 605 2456 merces
629 2384 717 2457 ficut
740 2383 938 2482 predictum
963 2385 1013 2458 est
1033 2383 1133 2458 disis
1158 2382 1323 2484 religiosis
1349 2397 1385 2459 et
1409 2409 1532 2458 eorum
1556 2381 1755 2458 successori-

252 2522 319 2594 bus
341 2518 382 2592 in
406 2529 620 2616 perpetuum
640 2530 764 2592 contre
788 2543 910 2593 omncs
935 2516 1096 2594 homines
1117 2517 1442 2596 warrantizsbinrus
1468 2533 1504 2594 et
1526 2517 1756 2593 defendemus

254 2669 290 2730 et
305 2648 611 2751 acquietabimus·

261 3019 384 3121 Certa
401 3045 446 3119 de
462 3045 519 3120 via
536 3046 635 3146 apud
652 3045 762 3121 Perth
780 3073 844 3148 per
860 3047 1002 3148 nigrum
1017 3049 1150 3121 vedum
1168 3087 1177 3107 ·

194 3321 240 3395 36
262 3282 459 3386 Vniuerss
473 3308 604 3384 Christi
619 3309 782 3386 fidelibus
798 3312 939 3411 presens
951 3312 1120 3413 scriptum
1133 3310 1252 3386 visuris
1265 3308 1320 3385 vel
1333 3309 1504 3385 audituris
1523 3309 1540 3411 [
1638 3304 1760 3407 ]filius
1915 3272 1918 3285 Ι

257 3444 351 3518 bone
366 3440 537 3515 memorio
547 3442 725 3538 quondam
738 3443 872 3518 domini
885 3443 1058 3518 Johanuis
1073 3442 1218 3544 Oumyn
1235 3440 1382 3550 sulutem
1396 3457 1554 3518 eternam
1562 3446 1600 3519 in
1615 3447 1760 3520 domino

257 3571 414 3647 Nouerit
435 3571 640 3646 vniuersitss
659 3574 774 3648 vestra
797 3601 861 3648 nos
886 3600 952 3676 pro
977 3574 1087 3649 salute
1111 3575 1230 3649 anime
1254 3575 1368 3648 nostre
1391 3587 1428 3649 et
1448 3575 1565 3649 vxoris
1586 3579 1702 3652 nostre
1718 3603 1761 3651 ec

257 3707 453 3810 liberorum
482 3708 679 3782 nostrorum
713 3723 750 3783 et
777 3709 947 3809 precipuo
976 3735 1042 3809 pro
1071 3708 1192 3783 anime
1225 3708 1346 3784 inclito
1379 3709 1547 3785 memorie
1580 3713 1760 3809 quondam

260 3841 395 3918 domini
411 3839 586 3916 Johannis
604 3840 749 3944 Cumyn
773 3843 885 3944 patris
910 3843 1018 3918 nostri
1042 3869 1084 3917 cc
1106 3843 1387 3944 predecessorum
1411 3844 1608 3919 nostrorum
1634 3845 1763 3920 dedisse

260 3989 297 4050 et
313 3974 508 4048 concessisse
524 3988 561 4047 et
576 3973 644 4048 hee
660 3975 812 4076 presenti
829 3990 928 4050 certa
943 3978 1060 4051 nostra
1077 3977 1293 4051 confirmasse
1309 4002 1375 4076 pro
1396 3976 1497 4051 nobis
1518 3991 1554 4052 et
1573 3976 1764 4052 heredibus

261 4107 385 4182 nostris
401 4106 439 4178 in
456 4120 668 4206 perpetuum
688 4107 755 4182 deo
772 4125 808 4182 et
823 4109 927 4183 beate
943 4108 1060 4192 marie
1073 4134 1115 4183 ec
1131 4109 1246 4184 sendto
1260 4109 1285 4184 J
1286 4109 1417 4184 ohanni
1433 4108 1587 4209 apostolo
1605 4124 1641 4184 et
1658 4137 1764 4184 euen-

261 4239 380 4341 geliste
397 4253 432 4313 et
449 4238 533 4312 viris
553 4237 719 4339 religiosis
739 4240 859 4315 abbati
882 4255 919 4316 et
941 4241 1134 4316 mnuentui
1156 4241 1364 4325 monasterii
1380 4243 1425 4315 de
1445 4241 1563 4315 lnsule
1578 4243 1763 4325 missorum

258 4387 299 4446 ‘et
314 4397 437 4445 eorum
454 4370 656 4444 hominibus
673 4372 711 4446 in
727 4389 854 4472 puram
871 4387 908 4448 et
924 4385 1134 4475 perpetuam
1151 4351 1373 4449 elemosinam
1390 4373 1537 4448 liberam
1557 4377 1764 4477 potestatem

264 4504 466 4579 transeundi
483 4529 565 4578 cum
585 4503 795 4578 animalibus
817 4507 994 4607 carriagiis
1017 4521 1053 4581 et
1075 4506 1153 4580 aliis
1174 4507 1278 4580 bonis
1301 4507 1368 4580 suis
1390 4533 1455 4606 per
1474 4491 1652 4607 publicani
1669 4507 1760 4582 viam

263 4663 331 4735 que
363 4636 464 4710 ducit
498 4661 519 4710 a
552 4635 649 4710 dicto
675 4637 881 4720 monasterio
909 4666 975 4737 per
1001 4638 1142 4739 nigrum
1179 4639 1310 4712 vedum
1345 4638 1441 4738 quod
1473 4638 1598 4713 scotice
1633 4639 1764 4714 dicitur
