4450 6034
861 625 1138 696 APPENDIX.
1645 623 1745 689 xxxiii

234 836 427 912 annuatim
450 837 527 938 ipse
549 851 587 914 et
606 839 753 918 heredes
769 841 825 918 sui
842 839 898 920 vel
913 841 970 917 sui
985 839 1156 942 assignati
1166 834 1278 914 miehi
1286 851 1325 914 et
1339 835 1530 912 heredibus
1546 835 1637 910 meis
1654 859 1743 934 qne-

234 966 316 1040 dam
340 965 495 1044 calearia
516 969 685 1048 deaurata
705 969 765 1048 vel
784 997 849 1048 sex
870 972 1033 1048 denarios
1056 971 1103 1048 ad
1125 970 1375 1046 Pentecostem
1395 992 1463 1069 pro
1485 964 1583 1043 omni
1599 965 1743 1042 seruitio

235 1101 497 1178 consuetudine
513 1103 696 1180 exactione
711 1115 749 1180 et
765 1102 941 1180 demanda
957 1101 1106 1180 seculari
1128 1099 1234 1176 Salvo
1249 1099 1424 1176 lorinseoo
1438 1094 1581 1174 servibo
1596 1094 1743 1172 domino

236 1231 333 1332 Regi
350 1251 527 1330 quantum
548 1233 702 1336 pertinet
718 1235 766 1310 nd
781 1247 914 1310 terram
936 1233 1220 1336 prenominatam
1236 1232 1318 1334 Ego
1334 1255 1420 1306 vero
1435 1227 1550 1304 diens
1566 1225 1741 1310 (tlalesius

234 1375 272 1436 et
281 1361 435 1438 heredes
445 1363 516 1438 mai
525 1364 620 1440 dioto
637 1364 847 1442 Gilbertoet
862 1363 1052 1442 heredibus
1068 1365 1142 1440 suis
1158 1363 1214 1440 rol
1224 1365 1297 1438 suis
1307 1359 1494 1462 assignatis
1509 1370 1642 1435 terram
1655 1384 1740 1460 pra-

235 1495 460 1570 nominatam
478 1523 544 1598 pro
560 1497 702 1574 servitio
719 1497 877 1598 proditio
894 1495 1002 1572 miehi
1018 1511 1056 1574 et
1068 1497 1257 1573 heredibus
1268 1495 1358 1571 mais
1369 1492 1557 1569 annuatim
1568 1491 1739 1567 solvendo

235 1639 364 1702 eontra
379 1651 502 1704 omnes
519 1628 682 1706 homines
700 1644 736 1706 et
752 1628 902 1706 feminas
918 1628 1247 1704 wamantizabimus
1263 1623 1544 1726 acquietabimus
1560 1637 1597 1698 st
1613 1623 1738 1698 deien-

234 1757 414 1834 demusin
430 1773 642 1860 perpetuum
660 1761 706 1836 In
723 1763 825 1864 eujus
841 1759 893 1836 rei
909 1761 1153 1838 testimonium
1168 1772 1370 1861 presentem
1387 1770 1518 1832 sartam
1541 1754 1646 1854 sigilli
1665 1758 1737 1829 mei

234 1889 470 1989 impressione
495 1891 655 1966 roboravi
695 1892 864 1968 Testibus
889 1891 1147 1968 venerabilibus
1175 1889 1335 1993 patribus
1368 1887 1521 1963 dominis
1548 1885 1736 1962 Clemente

233 2019 405 2120 episeopo
430 2020 693 2098 Dumblanensi
716 2022 755 2098 A
773 2066 782 2083 ·
799 2024 928 2100 abbate
952 2024 998 2100 do
1024 2022 1148 2098 Insula
1171 2023 1366 2106 missarum
1392 2019 1546 2095 dominis
1571 2016 1735 2094 Gilberto

234 2152 282 2228 de
311 2152 518 2254 Glenoamy
539 2151 733 2238 malcolmo
753 2154 798 2229 de
826 2155 990 2239 moravia
1019 2155 1187 2232 Gilberto
1216 2155 1262 2230 do
1289 2153 1461 2230 Ruthven
1496 2150 1663 2228 Joachinr
1689 2150 1735 2226 de

233 2281 373 2360 Knibet
398 2283 568 2360 militibus
594 2283 770 2360 Niobolao
798 2287 987 2362 camerario
1018 2283 1186 2362 Gilberto
1215 2284 1290 2359 filio
1317 2284 1457 2360 eomitis
1491 2281 1659 2360 Gilberto
1687 2283 1734 2358 de

236 2414 375 2489 Knssret
402 2413 553 2498 alalesio
565 2414 639 2490 lilio
655 2414 795 2492 Aneeul
824 2415 1195 2516 DunoanodeDurry
1222 2413 1402 2491 Willelmo
1415 2414 1543 2491 olerioo
1558 2427 1596 2490 et
1612 2413 1735 2489 multis

234 2541 311 2644 alijs
324 2585 335 2605 ·

243 2911 433 3027 melisius
451 2961 569 3012 eomes
585 2937 646 3013 dat
663 2939 842 3015 Amabilie
859 2940 968 3040 ipsius
980 2941 1087 3016 sorori
1099 2955 1229 3015 terram
1245 2940 1291 3018 de
1308 2939 1540 3044 Kyneordyn,
1557 2940 1604 3017 ad
1619 2941 1735 3040 ipsam

236 3068 470 3144 maritandam
489 3110 499 3128 ·
524 3069 627 3170 Orr'g.
644 3072 687 3144 in
702 3071 858 3148 archivis
874 3071 994 3147 Duorb
1011 3074 1054 3146 de
1067 3071 1264 3148 Moutrose.

170 3337 211 3402 14
241 3303 375 3407 Sciant
398 3349 522 3409 ornnes¹
544 3347 619 3410 tam
641 3335 821 3435 presentes
843 3359 952 3434 quam
974 3335 1086 3411 futuri
1107 3336 1205 3436 quod
1221 3335 1301 3436 Ego
1318 3334 1478 3419 malibus
1494 3361 1613 3411 eomes
1630 3336 1733 3412 Stra-

236 3464 322 3539 hern
336 3464 420 3539 dedi
432 3467 577 3542 eoncelli
591 3480 628 3541 et
643 3465 711 3542 hae
727 3465 881 3567 presenti
897 3480 995 3542 carta
1011 3494 1092 3544 mea
1108 3467 1316 3543 confirmaui
1334 3465 1513 3542 Amabilie
1530 3467 1636 3543 semri
1653 3494 1734 3544 mee

236 3596 280 3670 ad
301 3597 412 3697 ipsam
435 3597 670 3672 maritandam
694 3611 807 3672 totam
829 3610 962 3674 terram
984 3599 1029 3674 ds
1048 3597 1274 3700 Kynknrdyn
1290 3598 1329 3672 in
1346 3597 1487 3673 Kather
1501 3597 1646 3674 leaenas
1661 3624 1731 3697 que

235 3742 286 3803 eet
303 3730 413 3826 juxta
432 3726 747 3804 Hudterhardouer
768 3730 841 3804 line
861 3726 979 3829 aliquo
995 3730 1231 3828 retinemento
1250 3771 1259 3788 ·
1277 3729 1438 3804 inbosco
1457 3772 1466 3791 ·
1484 3729 1524 3803 in
1539 3728 1648 3830 plano
1666 3773 1676 3790 ·
1691 3731 1731 3805 in

236 3863 344 3962 pratis
372 3903 382 3922 ·
405 3862 444 3936 in
466 3863 604 3963 pascuis
627 3903 637 3922 ·
662 3863 699 3938 in
723 3863 830 3938 moris
853 3877 890 3940 et
910 3865 1064 3940 mariscis
1085 3907 1095 3926 ·
1123 3867 1168 3940 In
1191 3866 1353 3966 stangnis
1375 3878 1412 3941 et
1432 3863 1645 3942 molendinis
1666 3892 1732 3968 per

236 4019 356 4070 omnes
379 3994 489 4068 radias
512 3993 638 4068 diuisas
660 3993 798 4070 suaset
826 4021 908 4072 eum
936 3997 1101 4072 omnibus
1118 3997 1340 4073 libertatibus
1357 3997 1581 4098 ayliamentis
1595 4011 1633 4073 et
1649 4024 1729 4072 eum

236 4127 398 4202 omnibus
415 4123 491 4199 aliis
503 4125 607 4224 justis
624 4127 849 4224 pertinentiis
865 4129 913 4203 ad
930 4127 1059 4204 didam
1076 4143 1210 4204 terram
1230 4129 1493 4230 pertinentibus
1511 4170 1521 4190 ·
1538 4131 1733 4206 tenendam

235 4273 268 4332 et
284 4235 485 4334 nusum
501 4257 592 4334 sios
612 4257 790 4335 Amanus
806 4273 842 4336 et
859 4260 1049 4336 herminus
1065 4261 1136 4336 sus
1153 4261 1200 4337 ee
1216 4287 1366 4362 corpore
1382 4262 1443 4336 uo
1459 4261 1732 4336 exeuntibus

236 4417 289 4466 me
305 4406 342 4467 et
357 4389 549 4466 heredibus
565 4390 654 4466 meis
671 4391 924 4493 inperpetuum
941 4392 993 4468 ita
1008 4391 1119 4470 libere
1135 4408 1174 4470 et
1185 4394 1305 4494 quiete
1320 4392 1479 4496 plenarie
1491 4406 1528 4467 et
1541 4392 1732 4472 honorifice

235 4524 277 4598 ab
301 4522 401 4599 omni
425 4521 575 4598 seculari
599 4523 736 4598 adiione
765 4537 801 4598 et
831 4523 1008 4600 demando
1036 4526 1125 4600 fient
1154 4524 1301 4626 aliquod
1329 4525 1559 4627 marilegium
1588 4524 1625 4597 in
1654 4537 1732 4599 toto

235 4679 340 4760 regno
365 4655 485 4732 Sootie
507 4653 653 4732 liberius
677 4656 830 4756 quietius
851 4654 991 4758 plenius
1008 4672 1045 4735 et
1069 4658 1364 4736 honorificeneius
1388 4658 1433 4733 ab
1458 4655 1575 4756 aliquo
1601 4657 1733 4731 comite

1468 4848 1489 4896 θ
