4450 6034
934 560 1129 627 CARTAE
1155 562 1508 631 Rucuuulouus

807 1586 834 1649 E
863 1586 1121 1653 REGISTRO
1147 1585 1213 1651 Du
1241 1586 1644 1655 INNERPEFFERY.

1062 1880 1368 1891 -υ-ῂ

466 2096 563 2159 Carta
576 2095 599 2160 J
600 2095 712 2161 oannis
727 2096 881 2163 Loutiute
896 2120 992 2183 super
1007 2096 1219 2165 Balmaalone.

402 2332 445 2395 39
463 2381 470 2398 .
487 2335 671 2403 ..lacobus
686 2336 892 2423 permissione
904 2338 1011 2404 divina
1019 2338 1307 2405 commendatarius
1315 2348 1491 2425 perpetuus
1499 2336 1683 2403 monasterii
1691 2337 1732 2402 de
1742 2337 1980 2423 lncbeobeffray

462 2464 497 2519 et
510 2455 653 2539 ejusdem
667 2456 730 2521 loci
746 2466 921 2523 conventus
939 2506 947 2521 .
965 2506 974 2522 .
993 2504 1001 2523 .
1021 2458 1137 2524 Sciatis
1151 2480 1211 2522 nos
1226 2456 1383 2544 quandam
1398 2468 1518 2523 aarum
1539 2503 1548 2520 .
1569 2504 1577 2519 .
1596 2504 1605 2519 .
1627 2457 1746 2523 factam
1766 2479 1825 2544 per
1840 2457 1979 2525 Alexan

462 2573 555 2638 drum
571 2574 724 2641 Loutfute
745 2622 753 2639 .
777 2622 785 2639 .
809 2622 817 2639 .
840 2576 982 2642 Johanni
1005 2575 1160 2642 Loutfute
1182 2576 1303 2663 juniori
1324 2599 1382 2641 suo
1404 2576 1472 2641 lilio
1493 2588 1528 2642 et
1550 2575 1721 2641 heredibus
1741 2577 1809 2642 suia
1834 2627 1842 2641 .
1868 2625 1877 2642 .
1904 2624 1913 2642 .
1939 2578 1980 2643 ad

462 2693 592 2779 plenum
614 2692 810 2759 intellexisse
833 2698 894 2761 sub
913 2695 973 2761 bae
995 2696 1096 2761 forma
1118 2744 1127 2761 .
1149 2743 1158 2760 .
1183 2746 1190 2761 .
1209 2696 1392 2762 Alexander
1412 2696 1566 2762 Loutfute
1582 2742 1591 2759 .
1610 2743 1619 2760 .
1637 2741 1645 2759 .
1665 2695 1828 2761 Noveritis
1848 2718 1901 2763 me
1916 2743 1925 2761 .
1943 2742 1978 2760 ..

462 2811 641 2877 vendidisse
659 2860 667 2877 .
689 2862 697 2877 .
719 2863 726 2878 .
747 2836 819 2879 meo
833 2814 899 2879 lilio
910 2814 1031 2901 juniori
1045 2814 1186 2881 Jobauni
1202 2815 1356 2880 Loutfute
1375 2862 1384 2879 .
1403 2861 1412 2879 .
1432 2862 1441 2879 .
1460 2836 1548 2881 meas
1561 2815 1642 2879 duas
1655 2824 1812 2881 marsana
1827 2825 1981 2882 terrarum

462 2934 502 2999 de
517 2932 721 2999 Balmaolone
737 2956 809 2999 oum
824 2935 1047 3022 pertinentiis.
1064 2983 1073 3000 .
1089 2984 1097 3001 .
1111 2938 1257 3022 jacentes
1270 2935 1304 3000 iu
1315 2935 1448 3002 baronia
1460 2934 1501 3001 de
1517 2934 1706 3001 Maderdie.
1727 2982 1736 2999 .
1756 2984 1765 3000 .
1785 2958 1844 3023 pru
1858 2960 1981 3003 summa

462 3054 671 3120 ducentarum
695 3076 870 3121 marearum
894 3106 902 3122 .
925 3104 934 3121 .
957 3104 965 3120 .
990 3056 1167 3122 Reddenda
1189 3056 1263 3120 inde
1285 3054 1449 3121 mnuatim
1471 3102 1480 3119 .
1502 3102 1511 3119 .
1534 3103 1542 3119 .
1565 3053 1644 3119 mibi
1662 3067 1697 3121 et
1712 3056 1884 3123 heredibus
1901 3038 1981 3125 meis

463 3198 562 3241 unum
577 3174 741 3241 denarium
758 3226 765 3241 .
786 3223 794 3239 .
815 3224 823 3240 .
844 3197 968 3241 necnon
982 3176 1090 3242 abbati
1105 3197 1164 3241 seu
1178 3172 1446 3240 commendatario
1460 3184 1495 3239 et
1508 3172 1679 3239 conventui
1692 3175 1733 3239 de
1744 3176 1982 3263 Iucbeebeffray

463 3345 470 3360 .
490 3344 498 3361 .
520 3342 528 3361 .
550 3316 705 3361 summam
721 3295 852 3382 triginta
866 3294 962 3360 trium
978 3294 1152 3361 solidorum
1167 3304 1201 3361 et
1216 3288 1353 3381 quatuor
1367 3291 1568 3359 denariorum
1581 3303 1709 3359 monete
1725 3294 1833 3361 Saotie
1847 3296 1888 3361 ad
1901 3296 1982 3361 duos

464 3415 539 3481 anni
554 3414 707 3481 terminos
723 3424 894 3481 consuetos
913 3462 921 3481 .
943 3461 952 3479 .
971 3462 979 3479 .
1004 3436 1042 3479 ao
1057 3414 1154 3480 etiam
1168 3413 1249 3478 duos
1264 3434 1402 3499 capones
1416 3423 1450 3478 et
1464 3412 1544 3477 duas
1558 3411 1705 3499 pulturas
1720 3422 1754 3478 et
1767 3436 1826 3500 pro
1841 3415 1983 3501 qualibet

463 3546 605 3603 mmcata
624 3536 779 3603 dictarum
801 3544 956 3600 terrarum
977 3532 1159 3621 quindecim
1177 3531 1220 3597 lie
1239 3542 1306 3597 met
1325 3531 1418 3597 oralia
1437 3541 1584 3618 patarum
1599 3553 1698 3596 unum
1714 3553 1795 3597 onus
1809 3532 1982 3619 vulgariter

463 3680 524 3722 aaa
538 3659 627 3723 horse
642 3657 711 3723 loed
725 3652 862 3721 cementi
874 3653 940 3719 sive
951 3652 1046 3719 calcis
1062 3674 1162 3717 unum
1173 3649 1275 3715 simile
1286 3671 1368 3715 unua
1379 3649 1559 3735 tegularum
1570 3650 1611 3714 ad
1622 3648 1745 3716 dictum
1755 3650 1980 3716 monasterium

463 3778 503 3843 de
525 3774 763 3861 lncbeoheffray
793 3820 832 3839 ..
857 3821 864 3837 .
895 3793 968 3837 cum
994 3769 1268 3836 administratione
1296 3768 1392 3834 unius
1417 3766 1495 3855 equi
1520 3790 1594 3833 oum
1619 3768 1730 3834 nubea
1753 3769 1796 3834 ad
1821 3780 1982 3835 vecturum

463 3896 657 3961 deeimarum
676 3891 853 3979 garbalium
872 3891 913 3955 ad
932 3890 1081 3954 borreum
1105 3938 1112 3953 .
1137 3938 1145 3953 .
1168 3935 1177 3953 .
1200 3888 1348 3953 borreum
1366 3900 1401 3953 et
1417 3886 1632 3953 molendinum
1651 3888 1692 3952 ad
1710 3887 1840 3953 modum
1854 3888 1982 3953 solitum

462 4014 640 4102 reparando
664 4022 697 4078 et
721 4008 930 4077 sustentando
960 4018 1124 4094 terrasque
1154 4006 1359 4073 dominicales
1388 4004 1562 4092 vulgariter
1591 4008 1631 4072 lie
1659 4009 1765 4072 moires
1791 4005 1826 4071 iu
1854 4007 1983 4072 mudum

464 4136 591 4201 solitum
608 4154 666 4219 pro
684 4140 755 4197 rata
774 4140 928 4195 terrarum
944 4125 1076 4192 colendo
1091 4138 1125 4193 et
1140 4125 1311 4191 laborando
1329 4124 1449 4191 vectori
1462 4135 1497 4191 et
1510 4125 1661 4191 officiario
1675 4126 1772 4211 vulgo
1785 4140 1907 4193 outerer
1916 4130 1984 4191 aad

464 4258 582 4344 officior
593 4274 683 4319 earne
692 4258 857 4335 argeutum
869 4258 903 4315 et
912 4244 1064 4313 stramina
1076 4245 1171 4311 solita
1181 4256 1216 4311 et
1228 4256 1381 4311 consueta
1388 4266 1512 4310 necnon
1526 4246 1566 4310 lie
1577 4246 1712 4311 killatra
1720 4244 1761 4309 ad
1772 4245 1983 4331 quantitatem

465 4381 590 4447 solitam
619 4375 827 4442 ministrando
852 4372 993 4439 brasium
1019 4372 1193 4458 vulgariter
1217 4373 1299 4437 molt
1324 4370 1366 4437 ad
1394 4370 1610 4437 moleudinum
1635 4372 1667 4435 in
1698 4372 1828 4438 modum
1853 4373 1982 4439 solitum

464 4498 622 4589 portando
648 4546 656 4563 .
680 4544 689 4561 .
712 4542 720 4560 .
751 4492 902 4562 solvendo
924 4491 1021 4558 etium
1044 4512 1102 4578 pro
1125 4490 1219 4557 dietis
1241 4488 1334 4555 terris
1356 4502 1429 4556 octo
1451 4510 1566 4575 peccas
1586 4511 1760 4556 auenarum
1779 4507 1917 4579 quatuor
1941 4494 1982 4560 lie

463 4622 593 4688 thravas
622 4616 810 4684 straminum
840 4613 880 4679 ad
910 4608 1173 4679 sustentationem
1203 4620 1237 4676 et
1265 4608 1418 4696 pabulum
1444 4610 1661 4695 jumentorum
1691 4609 1769 4675 dicti
1798 4611 1860 4677 loci
1892 4659 1902 4675 .
1932 4660 1941 4675 .
1972 4660 1982 4679 .
