4450 6034
472 477 521 552 56
1046 470 1406 550 REGISTRUM

472 704 590 805 quoad
612 704 742 779 uixerit
767 705 996 806 percipienda
1011 733 1034 780 a
1050 706 1151 780 distis
1176 705 1354 781 canonicis
1379 706 1425 781 ds
1448 718 1652 780 tenemento
1678 704 1738 778 suo
1763 703 1809 778 de
1834 701 1980 804 Strathy

472 838 519 913 ad
544 837 634 912 duos
658 837 744 911 anni
768 837 940 912 terminos
964 853 1072 939 prout
1092 839 1130 912 iu
1153 852 1251 912 earm
1271 837 1462 938 superbos
1482 833 1797 936 oonsedaplenius
1818 836 1980 910 oontine-

473 989 534 1048 tur
551 1013 559 1030 ·
578 985 615 1046 et
631 997 677 1045 ne
694 970 840 1046 donatio
857 984 893 1046 et
916 973 1084 1046 oonoellio
1106 971 1264 1072 preditis
1281 997 1324 1046 ea
1340 972 1518 1046 occasione
1535 970 1631 1070 quod
1648 970 1740 1044 dista
1755 969 1875 1052 maria
1891 983 1981 1043 tem-

472 1131 559 1208 pore
585 1105 676 1179 ditle
697 1103 898 1180 donationis
917 1104 1006 1180 sade
1026 1103 1116 1178 mihi
1140 1105 1178 1178 in
1197 1102 1276 1205 lege
1297 1103 1450 1204 conjugij
1476 1103 1592 1178 fuerat
1618 1101 1636 1202 [
1783 1100 1801 1202 ]
1828 1099 1979 1199 aliquam

473 1238 677 1339 inposberim
702 1237 865 1336 paciatur
890 1237 1131 1338 calumpniam
1161 1236 1381 1313 voluntatem
1411 1262 1528 1312 meam
1560 1253 1597 1312 et
1625 1235 1827 1311 eonsensum
1860 1261 1980 1310 meum

473 1374 671 1473 expressum
687 1372 725 1446 in
742 1373 814 1470 hijs
830 1371 961 1446 affuisse
978 1398 1043 1472 per
1062 1373 1241 1472 presentes
1258 1371 1377 1448 literas
1393 1371 1503 1471 sigillo
1520 1398 1600 1447 meo
1616 1371 1798 1446 roboratas
1821 1371 1979 1471 exprimo

473 1521 510 1582 et
526 1504 666 1580 declaro
685 1547 694 1564 ·
719 1503 819 1579 Data
834 1507 932 1605 apud
951 1503 1101 1607 Strathy
1119 1505 1157 1578 in
1174 1504 1294 1608 vigilia
1311 1505 1426 1580 sande
1443 1503 1610 1580 trinitatis
1627 1530 1721 1578 anno
1736 1502 1851 1602 gratia
1867 1501 1979 1576 mille-

472 1642 558 1714 srmo
575 1645 654 1714 oe¹¹¹⁰
670 1639 878 1739 odlogelimo
895 1651 1022 1741 quarto
1039 1678 1049 1699 ·

476 2015 595 2117 (sarta
610 2039 657 2116 de
674 2037 818 2116 Gilorist
836 2039 939 2115 Rooh
956 2040 1077 2116 natiue
1096 2083 1104 2099 ·

406 2315 455 2389 56
476 2278 668 2380 Omnibus
684 2305 754 2380 hoc
770 2305 939 2407 seriptum
956 2306 1077 2381 visuris
1096 2305 1151 2381 vel
1174 2307 1350 2382 audituris
1372 2309 1556 2384 Johannes
1581 2308 1747 2410 Oumyne
1772 2307 1865 2383 filius
1888 2309 1979 2384 bone

472 2437 642 2512 memorie
659 2439 840 2538 quondam
858 2439 994 2513 domini
1010 2438 1186 2514 Johannis
1205 2439 1371 2542 Gumyne
1389 2455 1547 2516 eternam
1574 2441 1611 2514 in
1636 2441 1781 2515 domino
1805 2441 1951 2515 salutem
1969 2481 1979 2498 ·

472 2571 627 2646 Nouerit
642 2571 849 2645 uniuersitas
865 2573 979 2646 vestra
995 2597 1060 2645 nos
1083 2571 1240 2647 caritatis
1259 2572 1390 2648 intuitu
1408 2588 1445 2649 et
1464 2601 1529 2675 pro
1546 2573 1654 2648 salute
1670 2575 1788 2648 anime
1813 2575 1980 2648 nostrast

473 2703 674 2778 animarum
691 2702 865 2779 heredum
880 2707 1078 2779 nostrorum
1094 2719 1133 2780 et
1150 2707 1404 2780 antecefforum
1419 2708 1614 2781 nostrorum
1627 2706 1757 2780 dedisse
1769 2732 1811 2780 ac
1824 2706 1981 2805 quitum-

475 2833 635 2910 ulamalse
665 2849 702 2910 et
728 2833 797 2909 bao
820 2835 973 2935 presenti
997 2849 1097 2910 carta
1122 2838 1238 2910 nostra
1268 2839 1483 2912 confirmasse
1512 2865 1577 2939 pro
1607 2837 1709 2912 nobis
1734 2852 1771 2912 et
1794 2837 1982 2914 heredibus

476 2969 601 3044 nostris
632 2969 670 3042 in
700 2982 915 3071 perpetuum
944 2970 1028 3044 Deo
1054 2984 1092 3045 et
1117 2971 1221 3044 beate
1244 2971 1362 3053 marie
1388 2985 1424 3046 et
1445 2972 1561 3046 santio
1586 2969 1744 3046 Johanni
1768 2971 1922 3069 apostolo
1948 2985 1982 3046 et

476 3100 691 3201 euangelista
725 3115 762 3176 et
794 3101 877 3174 viris
910 3101 1076 3202 religiosis
1113 3100 1234 3176 abbati
1269 3115 1305 3175 et
1344 3101 1521 3176 canonicis
1554 3101 1750 3200 monasterij
1787 3101 1832 3176 de
1867 3099 1983 3174 Insula

476 3233 660 3316 missarum
685 3233 817 3308 ibidem
842 3231 925 3309 Deo
949 3233 1182 3308 seruientibus
1207 3249 1243 3307 et
1263 3232 1300 3305 in
1322 3246 1533 3333 perpetuum
1557 3233 1735 3306 seruituris
1751 3232 1787 3306 in
1806 3258 1931 3334 puram
1948 3247 1984 3307 et

476 3383 690 3467 perpetuam
707 3366 929 3443 elemosinam
947 3367 1091 3444 Gilorist
1108 3367 1214 3442 Roob
1231 3364 1344 3441 filium
1364 3365 1612 3468 Gilleththeny
1630 3369 1828 3442 cumomni
1847 3367 1985 3468 sequela

475 3501 536 3573 sua
552 3501 597 3574 ab
620 3499 692 3597 ipso
713 3500 889 3600 progressa
911 3513 947 3574 ot
969 3500 1007 3573 in
1031 3515 1244 3601 perpetuum
1262 3500 1485 3600 progressura
1505 3515 1542 3574 et
1565 3525 1647 3573 oum
1670 3499 1767 3575 omni
1785 3503 1867 3601 jure
1890 3501 1983 3601 quod

476 3657 541 3706 nos
558 3631 596 3703 in
613 3631 686 3730 ipso
703 3645 740 3705 et
762 3631 800 3704 in
823 3645 900 3706 tota
915 3632 1055 3732 sequela
1071 3632 1132 3706 sua
1148 3631 1338 3706 habuimus
1350 3629 1407 3706 vel
1423 3629 1540 3730 aliquo
1557 3642 1717 3732 tempore
1733 3632 1865 3707 habere
1881 3647 1983 3732 pote-

474 3763 614 3838 rimus·
640 3777 677 3837 et
702 3763 749 3836 ad
773 3765 944 3861 majorem
969 3764 1194 3840 securitatem
1219 3763 1372 3864 presenti
1387 3761 1517 3864 scripto
1532 3763 1681 3864 sigillum
1699 3766 1855 3839 nostrum
1872 3791 1983 3866 appo-

475 3895 606 3971 suimus
632 3934 642 3955 ·
668 3894 808 3970 Datum
829 3896 927 3997 apud
947 3897 1110 3973 Gallrnes
1127 3896 1185 3971 die
1200 3895 1285 3970 lune
1302 3896 1465 3996 proxima
1481 3909 1564 3970 ante
1583 3895 1710 3971 festum
1735 3897 1848 3972 sandbe
1869 3896 1983 3977 alaris

476 4027 692 4128 magdalene
708 4055 803 4105 anno
819 4029 931 4131 gratie
952 4028 1130 4114 millesimo
1153 4037 1231 4105 00³⁰
1253 4031 1503 4131 septuagesimo
1520 4030 1644 4105 ottauo
1672 4073 1680 4090 ·
1710 4031 1794 4129 HiJ's
1812 4031 1956 4106 testibus
1974 4074 1983 4090 ·

476 4163 628 4238 dominis
654 4161 832 4239 Willelmo
858 4179 894 4239 et
922 4163 1127 4239 Alexandro
1151 4164 1319 4240 fratribus
1344 4165 1467 4239 nostris
1500 4207 1508 4224 ·
1543 4164 1697 4240 dominis
1732 4165 1910 4240 Nioholao
1940 4166 1984 4240 de

476 4297 663 4398 Wypuunt
675 4311 711 4372 et
725 4296 902 4399 Phillippo
916 4297 1056 4373 Olisard
1067 4297 1238 4373 militibus
1252 4337 1261 4358 ·
1280 4296 1400 4372 Alano
1410 4296 1558 4372 clerico·
1577 4298 1742 4400 Pergusio
1753 4299 1960 4402 makenedy
1974 4343 1982 4364 ·

476 4429 635 4531 Hugone
649 4429 750 4506 fabro
769 4473 778 4490 ·
796 4427 915 4505 Alano
930 4430 1104 4506 seruiente
1122 4432 1238 4506 nostro
1256 4443 1292 4505 et
1310 4428 1432 4504 multis
1450 4429 1527 4529 alijs
1547 4473 1555 4489 ·
