4450 6034
463 550 526 615 xliv
1064 549 1350 617 APPENDH.

464 763 547 838 here
557 763 759 864 engroseed,
773 762 860 838 Eerl
873 763 913 838 os
920 763 982 838 the
994 763 1232 840 Earldomsos
1245 763 1466 857 Stretherne,
1479 762 1678 857 Ouithness,
1688 766 1760 840 und
1774 766 1962 868 Orkney,)

464 897 514 994 by
526 893 644 968 whioh
659 893 706 968 he
722 896 873 994 granted
890 911 928 970 to
940 893 1101 970 Williom
1118 894 1202 969 Euri
1220 896 1262 970 os
1279 895 1384 983 Reos,
1403 893 1466 970 the
1481 897 1655 997 marriage
1671 897 1713 971 os
1720 897 1776 970 his
1791 870 1967 998 daughter

465 1025 595 1119 Isabel,
619 1027 691 1129 (by
715 1027 770 1101 his
790 1027 871 1102 wife
894 1025 1094 1127 Msrjory,)
1119 1025 1300 1126 deolsring
1322 1023 1465 1100 herbis
1486 1025 1565 1100 heir
1586 1027 1628 1101 os
1648 1027 1709 1102 the
1734 1027 1910 1105 Eorldom
1932 1029 1973 1102 os

467 1157 667 1250 Geithness,
679 1157 805 1258 sailing
825 1183 872 1231 an
893 1157 971 1232 heir
990 1157 1082 1231 male
1102 1156 1144 1232 os
1163 1156 1226 1232 the
1241 1157 1415 1257 marriage
1431 1155 1472 1232 of
1491 1156 1553 1232 the
1569 1157 1648 1232 ssid
1664 1157 1753 1232 Eatl
1769 1157 1880 1233 Molis
1895 1158 1969 1233 end

465 1289 637 1390 Mmjory.
688 1289 743 1364 At
761 1290 962 1375 Inverness,
982 1294 1005 1364 8
1025 1287 1244 1390 May1334.

470 1657 657 1760 Veneno
682 1683 802 1758 wareo
831 1697 868 1758 u
892 1680 1014 1757 reum
1040 1679 1210 1756 winumi
1234 1680 1281 1756 (ιο
1304 1680 1468 1764 uomet
1496 1681 1544 1756 oo
1568 1679 1788 1783 sesmoy„
1819 1725 1828 1742 ·
1866 1684 1970 1778 ore.

467 1820 508 1891 in
525 1817 684 1892 arction
699 1817 873 1892 Docaou
888 1817 932 1890 de
948 1809 1071 1890 Athos.

395 2077 442 2158 27
471 2053 608 2156 Potest
630 2055 737 2152 vuisit
764 2103 789 2176 p
813 2061 952 2178 {isentes
968 2101 1034 2152 noe
1049 2076 1073 2151 J
1075 2075 1251 2150 ohannem
1271 2075 1318 2150 de
1338 2075 1528 2158 menetetb
1543 2074 1784 2150 vicecomitem
1806 2075 1851 2150 de
1874 2073 1970 2151 else

469 2236 621 2286 menone
637 2208 780 2310 prorsus
797 2223 834 2284 et
849 2207 959 2284 libem
975 2207 1166 2284 vendidisse
1181 2205 1340 2282 Johenni
1351 2231 1483 2288 meroer
1493 2207 1658 2306 burgensi
1668 2206 1714 2281 de
1725 2205 1842 2281 Perth
1852 2218 1970 2282 totum

471 2342 527 2416 ius
543 2355 580 2416 et
597 2339 771 2416 olemeum
788 2339 884 2438 quod
899 2339 1089 2414 habuimus
1105 2336 1163 2413 vel
1176 2337 1307 2412 habeus
1323 2337 1520 2436 poterimus
1535 2337 1574 2410 in
1590 2337 1737 2412 Werdis
1753 2363 1818 2413 seu
1833 2337 1972 2414 releviis

343 2493 349 2562 ζ
471 2487 646 2548 terrerum
666 2468 804 2546 domini
827 2469 997 2544 Wiilelmi
1019 2469 1065 2544 de
1087 2468 1257 2553 morenis
1277 2467 1412 2542 domini
1431 2469 1477 2543 de
1500 2467 1696 2568 Toliberdy
1714 2469 1809 2544 detis
1830 2482 1868 2544 et
1883 2495 1973 2544 oon-

472 2603 567 2678 oeflis
584 2601 685 2677 nobie
701 2627 766 2702 per
783 2598 1003 2678 Wiilelmum
1018 2601 1181 2678 comitem
1200 2602 1246 2676 de
1258 2597 1497 2700 Sotheyrlnnd
1510 2613 1548 2675 et
1563 2599 1746 2676 dominum
1764 2598 1971 2676 Johennem

473 2733 680 2809 eomitissem
695 2732 852 2830 sponsam
869 2758 971 2808 suem
987 2732 1194 2808 comitissam
1211 2730 1375 2808 videlieet
1394 2731 1440 2808 de
1462 2731 1677 2833 Struthoryn
1699 2759 1771 2808 vno
1790 2759 1872 2808 oum
1894 2734 1972 2808 iure

473 2863 571 2965 quod
591 2861 781 2938 babuimus
804 2862 842 2938 in
863 2888 983 2938 sunno
1001 2863 1144 2938 redditu
1168 2864 1213 2938 de
1235 2863 1369 2964 Pytver
1390 2877 1427 2938 et
1445 2861 1546 2963 Aldy
1566 2889 1632 2964 por
1653 2862 1851 2940 misimuem
1874 2889 1971 2948 ‹oore

473 2998 635 3098 sponsam
655 2995 837 3092 quondam
857 2995 1046 3096 Reginsldi
1065 3018 1162 3078 (nore
1181 3020 1247 3095 pro
1263 2995 1418 3094 quedem
1433 3019 1574 3070 summe
1588 2996 1739 3095 pecunie
1750 2996 1862 3072 'nobis
1881 2997 1972 3073 inte·

474 3127 617 3228 gmliter
627 3126 804 3228 persoluta
816 3153 882 3228 pre
892 3126 1108 3226 manib3·1n
1121 3125 1222 3202 ouius
1233 3125 1285 3201 rei
1296 3125 1480 3200 seouritote
1489 3123 1685 3225 obligemus
1696 3153 1763 3203 nos
1775 3142 1813 3203 et
1823 3128 1981 3204 heredes

476 3273 614 3336 nostros
633 3259 680 3334 ed
699 3259 1003 3334 omentizondum
1024 3256 1181 3359 predisto
1202 3257 1362 3334 Johenni
1383 3259 1526 3340 meroen
1551 3271 1588 3332 et
1613 3257 1807 3332 herodibus
1831 3259 1905 3333 suis
1929 3285 1974 3334 eo

346 3469 348 3472 .
477 3389 653 3492 assignetis
677 3390 873 3491 pudieam
896 3389 1054 3466 wordum
1082 3413 1147 3464 seu
1175 3388 1349 3464 telonium
1377 3402 1501 3462 oontrs
1528 3387 1706 3488 prosatum
1734 3389 1901 3465 comitem
1930 3390 1976 3464 de

480 3521 719 3625 Setheyrlsnd
735 3537 772 3598 et
788 3521 994 3599 comitissam
1011 3521 1058 3596 de
1075 3519 1275 3620 Stnaheryn
1288 3519 1453 3618 sponsam
1467 3520 1565 3592 susm
1576 3517 1772 3618 legitimam
1787 3559 1798 3581 ·
1814 3519 1860 3594 In
1876 3521 1978 3595 ouius

476 3655 528 3730 rei
544 3653 781 3731 testimonium
799 3653 1019 3755 presentibus
1036 3651 1188 3754 sigillum
1205 3655 1363 3728 nostrum
1380 3652 1431 3726 est
1445 3651 1639 3752 appensum
1658 3693 1667 3710 ·
1685 3675 1757 3726 uns
1769 3676 1852 3726 oum
1864 3650 1978 3751 sigillo

478 3783 627 3860 Walteri
648 3781 788 3861 Olifsnt
810 3783 848 3859 in
871 3783 1074 3860 evidenoius
1093 3783 1337 3860 testimoninm
1355 3823 1364 3842 ·
1382 3780 1521 3858 Datum
1543 3780 1642 3882 opud
1662 3781 1775 3856 Perth
1796 3781 1856 3856 die
1877 3781 1978 3856 Jovis

477 3915 639 4016 proximo
655 3929 737 4018 post
752 3913 878 3990 festum
893 3915 1103 4016 pentecostis
1125 3940 1219 3990 enno
1240 3913 1375 3991 domini
1396 3921 1470 3996 (ε)0ιό
1486 3913 1774 4012 quinquagesimo
1786 3912 1950 3988 seeundo.
