4450 6034
475 579 524 648 52
1067 576 1388 654 REGISTRUM

473 833 553 883 mee
581 836 689 910 quam
717 811 764 885 ad
786 810 1031 888 seodofirmam
1055 809 1156 886 tenni
1181 809 1219 885 in
1246 809 1423 885 territorio
1449 810 1496 886 de
1524 809 1700 914 Pstlandy
1722 827 1829 912 atque
1853 814 1976 890 misisse

343 941 357 1032 ἵ,
474 941 613 1024 aliebin
638 960 675 1018 et
700 945 899 1027 martinum
922 943 1069 1020 famulos
1094 969 1193 1018 meos
1214 941 1341 1042 quibus
1364 969 1446 1018 vero
1472 945 1616 1019 eonoeffi
1642 970 1760 1020 meam
1782 945 1975 1046 plenariam

359 1102 364 1114 ·
473 1079 680 1179 potestatem
693 1077 730 1150 in
747 1076 815 1152 boo
831 1078 878 1150 ad
894 1076 1100 1176 ponendum
1118 1075 1250 1150 didtum
1267 1075 1431 1150 abbatem
1443 1073 1499 1149 vel
1511 1075 1588 1149 suos
1604 1089 1851 1176 procuratores
1868 1103 1976 1152 vnum

473 1210 530 1286 vel
539 1210 659 1313 plures
676 1209 714 1284 in
729 1208 924 1310 plenariam
939 1210 1106 1310 sayslnam
1123 1208 1213 1284 disis
1231 1231 1323 1285 terre
1340 1234 1418 1282 mee
1435 1207 1480 1282 de
1499 1207 1674 1310 Petlandy
1691 1207 1794 1282 saluis
1811 1209 1849 1282 in
1866 1209 1975 1286 omni·

472 1347 540 1419 bus
569 1344 713 1418 domino
742 1343 840 1419 seudi
864 1341 935 1442 hijs
960 1369 1030 1443 que
1055 1342 1092 1417 in
1119 1356 1215 1418 oarta
1239 1341 1331 1417 inter
1357 1368 1415 1417 me
1446 1355 1482 1416 et
1508 1343 1622 1442 ipsum
1651 1342 1809 1418 oonsedla
1834 1343 1974 1444 plenius

474 1476 702 1551 eontinentur
728 1515 738 1536 ·
769 1476 815 1549 In
840 1477 942 1574 eujus
966 1475 1020 1550 rei
1044 1474 1282 1549 testimonium
1301 1473 1413 1549 literis
1435 1474 1655 1575 presentibus
1678 1473 1827 1576 sigillum
1853 1501 1972 1550 meum

473 1608 617 1709 apposui
632 1635 703 1681 vna
719 1633 802 1681 oum
817 1605 926 1709 sigillo
941 1605 1150 1681 venerabilis
1167 1604 1302 1681 domini
1321 1607 1472 1681 Roberti
1489 1607 1547 1681 dei
1563 1607 1678 1708 gratia
1692 1607 1853 1709 episeopo
1870 1607 1974 1682 Dun-

472 1741 626 1818 blanenfi
662 1785 671 1802 ·
704 1740 845 1816 Datum
878 1740 976 1842 apud
1010 1740 1165 1815 Insulam
1198 1741 1374 1824 missarum
1412 1769 1505 1818 anno
1539 1744 1653 1844 gratie
1688 1741 1864 1825 millesimo
1898 1752 1974 1818 00¹¹·

472 1877 722 1978 septuagesimo
739 1875 854 1976 primo
866 1876 925 1949 die
941 1875 1046 1950 sensti
1062 1874 1210 1950 Andree
1226 1874 1372 1994 aposloli
1389 1916 1399 1936 ·

474 2249 645 2350 Donato
662 2287 815 2375 quatuor
831 2299 1034 2350 marearum
1050 2273 1160 2348 annui
1176 2273 1338 2350 redditus
1355 2275 1401 2349 de
1419 2289 1514 2350 terra
1530 2275 1575 2350 de
1593 2274 1779 2359 muln-and
1796 2315 1805 2336 ·

407 2544 456 2616 52
477 2512 670 2613 Omnibus
691 2537 759 2612 boe
774 2536 944 2638 seriptum
962 2536 1083 2612 visuris
1099 2537 1156 2614 vel
1172 2538 1345 2615 audituris
1363 2538 1528 2622 malleius
1545 2565 1663 2614 eomes
1687 2539 1733 2614 da
1758 2539 1974 2642 Stratberyn

474 2670 621 2746 salutem
638 2684 799 2744 eternam
811 2669 850 2742 in
862 2668 1007 2744 domino
1026 2712 1035 2729 ·
1053 2668 1210 2745 Nouerit
1222 2669 1429 2748 vniuersrtas
1445 2672 1560 2745 vestra
1570 2697 1629 2746 me
1641 2671 1772 2748 dedisse
1785 2673 1975 2748 concessisse

473 2819 509 2881 et
525 2805 593 2878 bae
616 2803 768 2905 presenti
784 2816 882 2878 earta
902 2827 983 2877 mea
998 2803 1217 2878 confirmasse
1233 2803 1316 2880 Deo
1340 2820 1376 2879 et
1392 2806 1494 2880 beate
1511 2805 1628 2888 marie
1645 2821 1682 2882 et
1700 2805 1839 2880 cuidam
1858 2804 1975 2906 capel-

472 2936 555 3011 lano
582 2933 775 3011 eelebrenti
803 2934 925 3009 diuina
952 2933 990 3008 in
1014 2933 1252 3010 elemosinario
1282 2937 1327 3010 de
1353 2934 1471 3010 Insula
1497 2937 1673 3019 missarum
1698 2964 1766 3042 pro
1794 2935 1977 3011 animabus

473 3069 726 3143 anteeefforum
741 3093 903 3142 meorum
919 3079 957 3142 et
974 3065 1136 3140 omnium
1156 3065 1314 3142 fidelium
1332 3067 1577 3143 desundtorum
1594 3083 1630 3144 et
1650 3095 1715 3171 pro
1732 3072 1850 3147 anima
1867 3071 1975 3173 Briaij

473 3201 519 3276 de
535 3200 752 3276 Ardrossane
768 3225 834 3299 pro
850 3198 971 3299 quieta
986 3197 1195 3274 clamatione
1212 3211 1305 3273 terre
1322 3199 1367 3274 de
1386 3198 1571 3301 Buebaldy
1583 3215 1619 3276 et
1629 3201 1675 3276 de
1685 3202 1859 3306 Lanyrlrp
1872 3232 1978 3305 quam

473 3333 618 3434 quidem
634 3345 766 3408 terram
782 3331 895 3406 didius
913 3328 1053 3405 Brieius
1069 3329 1177 3404 michi
1195 3343 1231 3406 et
1248 3329 1436 3404 heredibus
1446 3332 1535 3406 meis
1553 3333 1631 3432 post
1641 3333 1717 3410 dies
1733 3335 1811 3410 suos
1821 3337 1977 3435 quietam

473 3463 638 3540 clamauit
673 3479 825 3565 quatuor
859 3487 993 3546 mareas
1019 3461 1158 3563 argenti
1188 3461 1233 3536 de
1260 3461 1362 3536 sima
1389 3479 1481 3538 terre
1509 3490 1579 3563 que
1612 3480 1759 3541 vocatur
1792 3466 1978 3547 mukrand

474 3598 720 3700 percipiendas
736 3595 878 3696 lingulis
894 3595 996 3670 annis
1013 3593 1313 3695 inperpetuumin
1324 3590 1470 3668 liberam
1484 3609 1519 3669 et
1530 3609 1739 3696 perpetuam
1756 3597 1978 3676 elemosinam

474 3733 519 3806 de
535 3759 593 3808 me
616 3747 653 3806 et
674 3729 863 3804 heredibus
884 3729 973 3803 meis
995 3752 1062 3829 par
1078 3751 1205 3800 manus
1226 3726 1463 3800 firmariorum
1485 3728 1640 3824 ejusdem
1661 3744 1757 3807 terre
1778 3733 1977 3834 quidamque

474 3864 607 3938 fuerint
631 3888 697 3963 pro
722 3876 883 3960 tempore
908 3858 948 3932 in
972 3858 1064 3932 dida
1093 3873 1189 3932 terra
1218 3874 1479 3933 commorantes
1505 3861 1551 3933 ad
1582 3860 1867 3940 sustentationem
1898 3865 1978 3939 didi

474 3992 647 4096 capellani
659 3992 862 4092 quicunque
877 3989 984 4064 firerit
1000 3988 1252 4089 inperpetuum
1271 4031 1279 4048 ·
1298 3989 1467 4065 Preterea
1479 3992 1526 4065 do
1536 4006 1572 4067 et
1585 3995 1742 4070 oonoedo
1754 4011 1791 4072 et
1803 3996 1871 4071 bae
1883 4012 1980 4071 carta

475 4153 554 4202 mea
570 4125 741 4201 confirmo
753 4122 898 4197 domino
911 4117 1092 4220 capellano
1109 4135 1145 4194 et
1157 4120 1403 4196 suecessoribus
1416 4123 1483 4197 suis
1501 4124 1537 4197 in
1550 4141 1763 4226 perpetuum
1779 4129 1816 4202 in
1833 4127 1978 4203 liberam

474 4274 512 4334 et
527 4270 736 4360 perpetuam
753 4252 975 4330 elemosinam
990 4250 1085 4325 illam
1102 4249 1310 4351 perticulam
1328 4268 1421 4328 terre
1438 4281 1545 4354 quam
1561 4259 1828 4357 prenominatus
1842 4259 1978 4335 Brieius

475 4393 520 4466 de
538 4389 752 4464 Ardrossane
768 4385 886 4462 tenuit
907 4383 945 4457 in
961 4381 1044 4457 villa
1059 4382 1105 4458 de
1122 4381 1317 4459 Dunblane
1341 4411 1409 4484 que
1427 4399 1574 4461 vocatur
1590 4387 1753 4465 Tolaueb
1776 4418 1840 4493 per
1857 4418 1979 4466 omnes

475 4526 585 4599 redas
612 4522 738 4597 diuisas
761 4521 837 4594 suas
862 4518 1053 4592 tenendam
1077 4530 1113 4591 et
1136 4516 1333 4591 habendam
1356 4519 1481 4593 deme
1504 4534 1538 4595 et
1564 4520 1752 4598 heredibus
1776 4525 1863 4600 meis
1887 4525 1978 4602 didio

475 4655 656 4758 capellano
673 4669 709 4730 et
731 4651 975 4728 suecessoribus
998 4649 1065 4724 suis
1089 4649 1135 4723 ad
1158 4648 1412 4724 inueniendum
1436 4649 1578 4726 calicem
1598 4669 1634 4730 et
1656 4671 1865 4732 ornamenta
1885 4657 1976 4734 didio
