4450 6034
474 589 522 666 18
1050 573 1410 653 REGISTRUM

473 880 852 1045 colemannus
869 941 1097 1018 nemun·

408 1216 453 1286 15
471 1182 692 1285 Alexander
708 1206 766 1283 dei
778 1207 893 1308 gratia
908 1206 993 1283 Rex
1006 1205 1213 1284 Scottorum
1228 1204 1394 1281 omnibus
1411 1207 1531 1306 probis
1543 1205 1746 1283 bominibus
1762 1205 1874 1282 totius
1890 1219 1980 1281 terre

470 1341 531 1416 sne
548 1340 683 1416 clericis
699 1352 737 1415 et
752 1338 851 1416 luicis
867 1339 1015 1415 sulutem
1042 1338 1169 1415 Sciant
1192 1338 1371 1440 presentes
1387 1352 1425 1414 et
1446 1339 1559 1414 futuri
1579 1365 1638 1416 me
1654 1339 1848 1416 conceditis
1864 1352 1901 1414 et
1916 1337 1982 1414 bac

467 1486 567 1548 corta
583 1499 665 1548 mea
680 1471 900 1548 confirmnffe
915 1470 1000 1547 Deo
1012 1486 1050 1547 ct
1061 1472 1179 1548 sancte
1196 1469 1315 1554 alerio
1326 1485 1362 1548 et
1374 1470 1515 1548 ecolefie
1526 1470 1633 1548 lancti
1645 1471 1671 1547 J
1672 1471 1824 1548 ohannis
1836 1469 1980 1572 apostoli

468 1619 507 1698 et
522 1603 737 1707 euangeliste
754 1603 852 1704 apud
868 1601 1066 1704 Inchnfryn
1078 1617 1117 1677 et
1129 1601 1310 1678 canonicis
1326 1603 1463 1679 ibidem
1480 1601 1564 1679 Deo
1575 1603 1808 1680 sentientibus
1821 1617 1858 1682 ot
1873 1602 1981 1680 serui-

467 1738 557 1814 tnris
582 1740 679 1814 dona
703 1761 774 1836 que
794 1762 914 1812 comes
932 1734 1120 1812 Gilbertus
1140 1735 1186 1811 de
1204 1733 1419 1836 stratheryn
1441 1735 1612 1812 fundator
1633 1735 1739 1838 ipsius
1761 1734 1902 1811 ecclelie
1923 1734 1982 1834 pia

467 1871 659 1947 deuotione
669 1870 723 1946 cis
732 1868 832 1945 dedit
842 1866 975 1944 scilicet
986 1867 1194 1970 Incbaffryn
1205 1866 1448 1944 Achinluxich
1461 1884 1498 1944 et
1509 1868 1696 1968 Ardewny
1707 1881 1744 1944 et
1755 1867 1933 1967 Ardbany
1946 1881 1981 1942 et

465 2004 671 2106 Duffyuder
693 2017 731 2078 et
746 2000 872 2078 Balfur
888 2017 925 2077 et
945 1999 1206 2102 Bnlmalrgillon
1227 2016 1265 2077 et
1285 2015 1357 2077 tres
1377 2027 1479 2076 acras
1497 2015 1592 2078 terre
1612 2000 1704 2076 illius
1727 2027 1796 2101 que
1819 2001 1989 2103 proxima.

466 2139 517 2212 est
542 2138 685 2216 muoso
712 2134 759 2211 de
787 2131 920 2210 Fowlis
947 2133 1064 2208 versus
1089 2132 1295 2233 aquilonem
1322 2148 1359 2210 et
1383 2132 1502 2208 villam
1536 2160 1606 2233 que
1635 2133 1766 2208 dicitur
1793 2132 1980 2208 Ruhalach

466 2295 574 2370 quam
590 2269 688 2344 idem
705 2291 824 2342 cemes
841 2264 942 2342 dedit
958 2265 1010 2342 eis
1025 2291 1092 2366 pro
1108 2265 1258 2342 decimis
1274 2264 1455 2341 lucrorum
1474 2267 1616 2340 suorum
1632 2292 1703 2365 que
1718 2265 1933 2366 proueniunt
1947 2265 1979 2341 ei

465 2417 504 2478 et
519 2401 711 2476 heredibus
726 2399 797 2475 suis
807 2399 853 2474 de
869 2396 1009 2498 placitis
1025 2413 1063 2474 et
1075 2397 1229 2498 querelis
1246 2399 1292 2474 de
1309 2400 1481 2492 comitatu
1498 2400 1559 2474 suo
1577 2439 1586 2460 ·
1605 2398 1709 2474 saluis
1725 2399 1856 2475 eisdem
1872 2425 1987 2474 cano-=

378 2563 382 2571 ·
465 2535 554 2610 uicis
571 2531 719 2609 decimis
737 2559 808 2634 quo
830 2530 990 2632 preditto
1012 2531 1136 2606 comiti
1158 2547 1195 2606 et
1217 2519 1408 2608 heredibus
1429 2531 1498 2606 luis
1519 2531 1662 2608 aliunde
1679 2532 1865 2608 euenerint
1882 2533 1977 2608 etde
2079 2633 2087 2644 ·

465 2669 607 2752 ‹narefio
624 2667 670 2742 de
686 2664 812 2740 ffowlis
834 2667 923 2739 licut
939 2664 1144 2740 continetur
1160 2664 1199 2740 in
1216 2681 1315 2741 carta
1336 2665 1442 2766 ipfius
1465 2667 1605 2742 comitis
1624 2709 1632 2727 ·
1659 2681 1696 2742 et
1715 2693 1828 2740 vnum
1844 2665 1978 2751 ‹uolen-

464 2803 591 2876 diuum
608 2801 714 2901 super
730 2797 834 2899 Eryn
856 2796 955 2898 apud
970 2795 1174 2898 Dunfallyn
1190 2800 1277 2874 licut
1298 2797 1456 2874 similiter
1476 2800 1683 2876 continetur
1700 2799 1737 2873 in
1754 2813 1854 2876 carta
1875 2800 1978 2902 ipllus

464 2932 604 3010 comitis
622 2977 631 2993 ·
649 2946 687 3008 et
702 2946 865 3031 preterea
879 2931 1058 3007 decimam
1073 2932 1235 3008 omnium
1252 2957 1423 3008 cenorum
1440 2947 1476 3009 et
1493 2933 1700 3009 reddituum
1717 2934 1823 3034 ipfiue
1840 2934 1987 3010 comitis

463 3065 502 3140 in
530 3065 711 3140 frumento
735 3065 850 3139 farina
869 3090 981 3165 grano
1010 3065 1122 3139 brello
1145 3064 1243 3140 callis
1273 3077 1310 3140 et
1336 3064 1502 3140 omnibus
1531 3065 1671 3140 cibariis
1696 3091 1766 3166 que
1790 3065 1978 3142 annuatim

463 3199 720 3299 expenduntur
735 3197 774 3270 in
791 3195 891 3272 curis
903 3197 982 3296 ejus
998 3211 1035 3272 et
1052 3195 1228 3271 decimam
1246 3196 1356 3272 totius
1372 3195 1474 3295 pilcis
1491 3223 1561 3297 que
1577 3197 1625 3272 ad
1642 3199 1860 3298 quoquinam
1874 3199 1978 3300 iplius

463 3331 622 3408 defertur
643 3345 681 3406 et
703 3329 879 3405 decimam
899 3327 1099 3404 venationis
1129 3328 1190 3404 lue
1214 3326 1396 3404 licentiam
1421 3354 1563 3428 quoque
1586 3330 1745 3428 piscandi
1770 3331 1809 3406 in
1833 3331 1979 3433 Peffryn

462 3463 665 3562 ubicunqne
680 3459 861 3536 voluerint
882 3474 920 3535 et
941 3459 1110 3560 capiendi
1132 3459 1171 3536 in
1200 3459 1405 3535 nemoribus
1426 3459 1532 3561 ipsius
1558 3461 1699 3537 comitis
1719 3462 1779 3536 vbi
1798 3462 1849 3538 eis
1865 3463 1979 3564 magis

463 3610 707 3698 opportunum
732 3592 839 3668 fuerit
863 3591 1049 3668 materiem
1072 3591 1121 3666 ed
1147 3591 1413 3668 edificationem
1436 3591 1623 3668 domorum
1649 3593 1848 3670 suammet
1873 3609 1979 3672 vten-
2122 3669 2127 3682 ,

463 3719 583 3795 cilium
593 3735 632 3796 et
647 3719 695 3794 ad
710 3720 850 3820 pastum
866 3718 959 3818 ignis
976 3757 987 3780 ·
1004 3720 1162 3796 concedo
1176 3721 1282 3800 etism
1300 3738 1337 3800 et
1346 3724 1517 3800 confirmo
1528 3723 1611 3800 Deo
1627 3739 1665 3801 et
1682 3725 1783 3800 diuis
1799 3726 1987 3803 mnonicie.

464 3849 641 3926 eccleliam
665 3848 772 3924 sandi
799 3849 947 3925 Patricii
971 3850 1018 3926 de
1046 3849 1220 3952 Strcgetb
1243 3852 1421 3930 ecolefiam
1450 3854 1558 3930 santii
1582 3853 1734 3932 Seruani
1764 3858 1809 3932 de
1836 3858 1990 3960 Dunyn

464 3981 645 4060 eoelofism
681 3981 790 4058 sancti
820 3980 972 4056 Kattani
1009 3982 1056 4058 de
1084 3984 1291 4062 Abrutbfen
1321 3986 1500 4064 eccleliam
1534 3988 1642 4065 tanti
1674 3988 1901 4072 blakkefl'ani
1934 3993 1980 4068 de

467 4115 749 4194 Oucbtirardore
771 4112 952 4190 ecclellam
979 4116 1086 4191 saneti
1114 4115 1229 4192 Beani
1256 4119 1302 4194 de
1330 4119 1491 4221 Kynkell
1517 4121 1696 4198 cocleflem
1726 4125 1832 4200 sancti
1862 4125 1979 4202 Bcani

465 4252 511 4327 de
546 4247 673 4326 ffowlis
708 4247 891 4324 ecclsiam
926 4247 1035 4324 santii
1067 4249 1262 4325 Ethirnani
1297 4251 1343 4328 de
1375 4252 1621 4355 maddirnyne
1657 4255 1835 4332 eccleliam
1871 4258 1978 4334 santii

467 4379 619 4460 Seruani
636 4380 682 4456 de
698 4377 926 4479 moyheuard
942 4377 1125 4456 eccleliam
1142 4381 1250 4457 fanti
1271 4381 1421 4485 Brigide
1441 4384 1487 4460 de
1509 4384 1695 4488 Kylbryde
1717 4431 1727 4449 ·
1755 4387 1880 4477 Quare
1896 4389 1977 4466 volo

464 4529 506 4591 ut
530 4513 689 4616 predicis
715 4510 858 4587 ecclesus
884 4524 921 4586 et
946 4510 1110 4588 canonici
1137 4513 1295 4614 ejusdem
1319 4514 1389 4591 loci
1414 4517 1533 4592 omnia
1557 4519 1750 4620 prescripta
1772 4534 1920 4598 teneant
1940 4539 1977 4598 et

464 4650 660 4753 polideant
683 4646 873 4748 inpurum
898 4659 936 4722 et
961 4659 1175 4747 perpetuam
1201 4646 1425 4726 elemolinam
1450 4677 1531 4727 oum
1557 4653 1723 4730 omnibus
1742 4653 1848 4755 justis
1867 4655 1975 4758 perti·
