4450 6034
437 519 485 588 44
1007 505 1367 587 REGISTRUM

437 759 476 822 et
492 745 551 820 sex
568 743 729 819 denarios
751 743 797 818 ad
819 743 944 819 festum
965 742 1072 818 saneti
1088 742 1239 826 martini
1255 743 1293 816 in
1318 767 1421 843 yeme
1444 753 1481 816 et
1504 752 1666 840 preterea
1687 753 1762 816 tres
1780 743 1954 822 denarios

437 876 684 950 tantummodo
706 901 771 976 pro
788 875 943 974 quolibet
967 874 1077 974 Regis
1097 873 1230 948 auxilio
1250 873 1309 949 seu
1329 871 1487 948 exercitu
1507 871 1672 971 quotiens
1692 872 1857 950 dominus
1879 901 1953 950 rex

437 1032 661 1081 communem
678 1007 872 1080 exereitum
888 1004 944 1080 vel
960 1031 1147 1080 commune
1165 1003 1336 1078 auxilium
1357 1003 1498 1102 exigere
1520 1003 1709 1104 eontigerit
1733 1031 1756 1079 a
1780 1021 1857 1082 toto
1881 1009 1950 1084 suo

435 1164 546 1238 regno
564 1181 573 1199 ·
597 1138 642 1212 In
658 1140 760 1238 eujus
776 1139 829 1213 rei
845 1138 1083 1213 testimonium
1099 1137 1183 1212 huie
1199 1137 1328 1237 scripto
1348 1134 1497 1236 sigillum
1514 1163 1635 1210 meum
1652 1139 1798 1240 apposni
1822 1180 1833 1200 ·
1859 1141 1947 1214 Hiis

435 1273 579 1348 testibus
608 1271 750 1346 domino
778 1269 935 1346 Roberto
965 1270 1023 1345 dei
1046 1272 1161 1372 gratia
1186 1271 1346 1371 episeopo
1372 1268 1618 1343 Dunblnnenfi
1646 1311 1654 1328 ·
1681 1271 1826 1347 domino
1845 1315 1854 1332 ·
1871 1273 1914 1347 N
1935 1315 1945 1334 ·

435 1405 569 1479 rettore
597 1402 643 1478 de
669 1402 773 1478 Grefe
799 1442 809 1463 ·
840 1403 983 1477 domino
1012 1401 1177 1476 Johanne
1207 1415 1293 1476 tune
1323 1401 1458 1476 demno
1486 1400 1533 1476 de
1564 1399 1779 1502 Stmtheryn
1808 1406 1946 1480 retum

436 1534 575 1612 ecclesie
600 1536 644 1608 de
670 1535 913 1610 Glendofouer
939 1574 949 1593 ·
977 1533 1129 1608 dominis
1157 1532 1227 1609 G·
1257 1547 1326 1607 et·
1351 1533 1376 1607 J
1400 1573 1410 1592 ·
1432 1533 1625 1607 rettoribus
1651 1533 1873 1610 enclefiurum
1896 1538 1946 1611 de

437 1669 575 1771 Oumry
591 1683 628 1744 et
651 1670 695 1742 de
712 1667 863 1742 Buffidir
889 1709 899 1727 ·
922 1667 1101 1740 Trestram
1125 1665 1170 1742 de
1189 1665 1308 1766 Gorty
1336 1709 1345 1725 ·
1368 1665 1531 1765 magistro
1555 1663 1721 1741 Johanne
1744 1669 1790 1743 de
1807 1669 1943 1771 Logy·

436 1802 517 1878 Aeh
555 1815 591 1877 et
624 1800 787 1884 munach
818 1799 900 1874 filiis
937 1798 1050 1900 Alpin
1087 1813 1125 1873 et
1166 1797 1288 1872 multis
1321 1796 1397 1872 aliis
1434 1840 1442 1857 ·
1479 1796 1620 1872 Datum
1654 1799 1753 1900 apud
1786 1801 1943 1877 Insulam

435 1935 619 2018 missarum
640 1934 698 2007 die
720 1933 826 2008 santii
847 1931 1042 2008 Clementis
1063 1930 1217 2006 martiris
1239 1944 1275 2004 et
1292 1929 1385 2034 pup'e
1402 1928 1512 2004 Anno
1536 1931 1648 2032 gratie
1669 1931 1847 2016 millesimo
1865 1943 1944 2012 ee⁸¹¹⁰

435 2068 683 2168 septuagefimo
700 2067 813 2166 primo
831 2105 841 2124 ·

438 2437 608 2536 Donatio
625 2474 662 2536 et
677 2460 776 2559 quita
793 2455 956 2534 clamatio
972 2469 1066 2534 terre
1082 2457 1128 2534 de
1142 2458 1352 2534 Drumerok
1369 2459 1547 2536 canonicis
1565 2501 1575 2520 ·

371 2745 419 2814 45
440 2699 631 2801 Omnbus
662 2725 773 2820 [noe]
802 2721 970 2823 scriptum
997 2722 1119 2797 visuris
1147 2722 1205 2798 vn
1238 2723 1411 2798 aurnuns
1439 2723 1650 2843 nunaunt
1674 2725 1720 2801 n
1754 2727 1939 2830 margine

436 2856 583 2933 sulutem
612 2858 650 2930 in
681 2855 825 2930 domino
860 2897 870 2916 ·
906 2854 1001 2931 Oum
1030 2856 1136 2931 effem
1163 2871 1362 2932 conuentus
1392 2859 1437 2931 ab
1465 2857 1594 2933 abbate
1621 2873 1657 2934 et
1687 2875 1869 2938 tenuentu
1896 2863 1939 2936 de

438 2987 556 3064 Insula
571 2971 754 3072 oeiffamm
771 2986 980 3064 auctoritate
998 2988 1163 3089 judicum
1188 3015 1211 3062 a
1235 2987 1381 3063 domino
1403 3015 1498 3090 pepe
1519 2989 1763 3091 delegatorum
1780 2992 1941 3068 videlieet

438 3121 573 3197 domini
602 3120 740 3196 abbatis
767 3121 812 3195 de
838 3119 1087 3194 Abirbrothok
1116 3130 1153 3194 et
1179 3119 1224 3193 de
1250 3117 1342 3199 maii
1368 3119 1497 3220 prioris
1524 3134 1561 3195 et
1584 3120 1652 3196 hoe
1671 3149 1737 3224 per
1763 3125 1943 3223 quandam

437 3267 571 3328 nartem
596 3252 707 3354 patris
730 3252 801 3326 mei
822 3277 888 3352 per
909 3277 1017 3351 quum
1032 3249 1161 3326 sedicet
1185 3250 1271 3325 dieti
1294 3252 1402 3324 abbas
1426 3267 1461 3326 et
1485 3269 1685 3329 conuentus
1706 3257 1944 3331 vendicabant

436 3385 498 3460 libi
514 3385 742 3460 medietatem
758 3382 867 3458 totius
884 3397 976 3457 terre
989 3383 1035 3457 de
1051 3382 1260 3456 Drumkroe
1277 3380 1315 3454 in
1327 3381 1496 3482 parochie
1508 3383 1554 3458 de
1569 3385 1756 3486 melgineh
1775 3428 1785 3447 ·
1804 3413 1893 3488 cogn
1898 3388 1946 3462 ita

436 3529 557 3593 autem
580 3517 633 3590 rei
653 3515 801 3590 veritate
823 3513 948 3589 Deum
968 3513 1103 3588 habens
1126 3539 1190 3615 pre
1210 3511 1321 3588 oculis
1343 3511 1468 3588 nolens
1490 3514 1641 3615 amplius
1658 3518 1750 3618 ipsos
1766 3518 1945 3594 laboribus

436 3664 473 3725 et
500 3651 659 3749 expende
685 3649 812 3748 injuste
837 3647 957 3722 vexari
980 3647 1177 3744 predictam
1203 3659 1334 3720 terram
1358 3647 1481 3746 sponte
1507 3661 1543 3722 et
1568 3647 1723 3726 absolute
1750 3651 1880 3727 eisdem
1907 3650 1944 3724 in

276 3832 277 3835 =
433 3782 569 3884 judicio
598 3781 754 3882 quietam
779 3778 931 3854 elamaui
954 3778 993 3850 in
1017 3792 1230 3878 perpetuum
1260 3793 1296 3854 et
1321 3778 1345 3851 fi
1371 3777 1458 3878 quid
1478 3779 1569 3876 juris
1596 3781 1713 3881 potuit
1737 3785 1827 3859 mihi
1852 3815 1945 3865 eom.

437 3931 558 4020 petere
581 3941 627 3991 ex
649 3913 795 4013 persona
816 3937 897 3985 mea
915 3908 972 3985 vel
992 3911 1246 3984 anteeeffonrm
1268 3936 1430 3985 meorum
1447 3908 1503 3985 vel
1520 3910 1662 3988 aliunde
1683 3914 1721 3988 in
1739 3916 1835 3993 dieta
1850 3933 1946 3996 terre

437 4052 506 4126 hoe
529 4061 645 4124 totum
667 4044 751 4119 Deo
773 4055 810 4119 et
831 4043 937 4118 beato
957 4039 1115 4116 Johanni
1138 4055 1174 4116 et
1197 4042 1301 4116 dietis
1321 4045 1443 4118 abbati
1463 4057 1499 4119 et
1516 4046 1712 4121 conuentui
1728 4048 1766 4122 in
1782 4052 1945 4155 redemp-

435 4183 573 4260 tionem
597 4179 714 4254 anime
738 4202 818 4252 mee
839 4175 958 4249 noris
982 4187 1019 4249 et
1044 4172 1236 4249 liberorum
1260 4202 1421 4250 meorum
1443 4203 1583 4252 necnon
1604 4205 1670 4280 pro
1694 4181 1815 4257 anima
1833 4186 1946 4286 patrie

438 4315 510 4391 mei
538 4325 575 4388 et
603 4309 856 4386 enteeefforum
884 4333 1047 4383 meorum
1075 4306 1113 4380 in
1142 4332 1271 4407 puram
1300 4322 1337 4382 et
1366 4323 1576 4409 perpetuam
1605 4309 1827 4390 elemofinem
1861 4315 1947 4392 dedi

438 4464 476 4527 et
499 4448 567 4523 hae
592 4441 744 4547 presenti
768 4455 866 4517 carta
888 4467 970 4516 mea
994 4439 1202 4516 confirmaui
1231 4481 1240 4500 ·
1268 4440 1317 4514 Et
1343 4455 1382 4515 vt
1408 4440 1475 4516 hee
1502 4445 1670 4519 eoneeffio
1695 4447 1804 4520 robur
1833 4449 1946 4524 firmi-

438 4585 521 4664 tatis
545 4581 705 4685 optineat
731 4577 771 4654 in
796 4589 1011 4679 perpetuum
1036 4574 1121 4652 huie
1147 4574 1275 4674 scripto
1301 4573 1451 4676 tigillum
1478 4602 1598 4653 meum
1623 4603 1695 4653 vna
1721 4606 1803 4655 eum
1829 4581 1947 4688 tigillis
