4450 6034
434 453 481 534 tt
1004 451 1366 530 REGISTRUM

435 689 531 764 dinis
556 704 594 765 et
618 689 656 763 in
679 689 847 764 omnibus
863 687 943 787 alijs
959 687 1182 790 ayfiamsntis
1198 687 1246 762 ad
1265 685 1416 762 eandem
1433 699 1564 764 terram
1579 688 1843 788 pertinentibus
1859 691 1945 765 llcut

435 820 555 920 aliqua
570 837 666 896 terra
681 822 719 894 in
741 820 943 924 episcopatu
965 820 1084 894 noluo
1099 817 1245 894 liberius
1267 817 1409 920 plenius
1432 832 1468 894 et
1490 818 1781 896 honorificentius
1804 837 1953 898 tenetur.

437 970 474 1030 et
506 955 698 1055 poffidetur
724 952 820 1028 salua
850 952 1028 1028 duntaxat
1060 952 1218 1052 prediola
1251 951 1461 1052 poncione·
1496 951 1661 1028 Testibus
1685 953 1755 1054 hijs
1779 954 1946 1030 Johanne

437 1085 685 1165 archidiacono
701 1088 748 1164 de
766 1085 980 1188 Stratherpn
997 1125 1008 1146 ·
1027 1086 1066 1162 G
1083 1127 1093 1147 ·
1118 1086 1249 1162 comite
1266 1087 1311 1160 de
1331 1084 1545 1188 Stratheryn
1563 1099 1601 1162 et
1616 1087 1725 1163 stane
1747 1088 1825 1190 ejus
1843 1128 1854 1148 ·
1872 1090 1916 1171 α)
1934 1127 1944 1148 ·

439 1221 643 1322 Reginaldo
671 1235 708 1297 et
733 1221 844 1297 fratre
867 1225 946 1321 ejus
977 1221 1164 1322 Stephano
1188 1220 1381 1323 capellanis
1403 1221 1529 1296 nostris
1552 1261 1563 1284 ·
1586 1221 1747 1298 Roberto
1774 1235 1812 1299 et
1838 1223 1945 1300 Petro

440 1351 630 1453 capellanis
660 1353 708 1429 de
737 1352 952 1454 Tybirmore
985 1395 996 1414 ·
1025 1353 1212 1429 Bernardo
1237 1368 1274 1429 et
1299 1353 1455 1428 Ricardo
1480 1351 1670 1455 capellanis
1698 1355 1745 1429 de
1776 1355 1943 1456 Gargill·

440 1487 604 1586 ‹uagillro
622 1485 686 1560 H·
703 1499 741 1562 et
757 1485 807 1559 W
824 1529 834 1546 ·
851 1487 899 1562 de
914 1486 1078 1562 Loolrest’
1096 1486 1233 1562 clericis
1249 1486 1397 1560 nostris·
1415 1486 1559 1563 Valant'
1571 1487 1743 1586 pincerna
1761 1531 1769 1548 ·
1787 1488 1945 1564 Roberto

441 1636 478 1696 ct
496 1621 643 1696 Simone
659 1620 850 1720 nepotibus
866 1620 1014 1695 nostris·
1032 1618 1141 1695 Petro
1157 1619 1203 1694 de
1221 1619 1374 1695 Camers
1391 1662 1401 1679 ·
1418 1619 1578 1696 Roberto
1591 1620 1747 1696 Ferrone
1761 1661 1772 1682 ·
1784 1621 1945 1697 Gnlfrido

444 1755 622 1830 Hostian'o
641 1797 650 1814 ·
668 1752 815 1829 Ratulfo
832 1752 985 1854 Gemuy
1004 1795 1013 1814 ·
1032 1752 1200 1828 Hemone
1217 1752 1315 1828 Coeo
1333 1795 1341 1812 ·
1359 1751 1465 1853 losep
1482 1766 1519 1828 et
1535 1751 1614 1856 alijs
1629 1753 1752 1829 multis
1771 1797 1780 1814 ·

447 2124 694 2226 Confirmatio
713 2149 880 2251 Hugonis
896 2148 1050 2249 episcopi
1068 2147 1114 2223 de
1131 2147 1281 2223 Abthan
1297 2147 1343 2223 de
1359 2148 1559 2250 &ladimyn
1578 2193 1587 2211 ·

378 2394 425 2475 77
446 2386 572 2514 Hugo
597 2410 656 2487 dei
684 2411 799 2512 gratia
828 2411 1011 2511 episcopus
1037 2409 1303 2487 Dunkeldenlis
1327 2411 1496 2486 minerlls
1520 2413 1635 2488 sancte
1660 2413 1780 2497 ‹oatris
1807 2415 1946 2490 ecclefie

443 2548 526 2648 filijs
547 2545 693 2621 salutem
718 2586 727 2605 ·
747 2543 872 2620 Sciant
887 2569 1011 2620 omncs
1033 2546 1211 2645 presentes
1232 2558 1270 2620 et
1291 2544 1403 2620 futuri
1425 2571 1491 2620 nos
1507 2547 1699 2622 conceffill‘e
1716 2561 1754 2623 et
1769 2547 1836 2623 hac
1852 2564 1948 2624 carta

444 2681 562 2756 nostra
577 2678 793 2754 confirmafl'e
808 2677 892 2752 Deo
908 2692 945 2753 et
965 2677 1106 2752 ecclefie
1122 2679 1229 2753 sanci
1249 2678 1274 2754 J
1275 2677 1425 2754 ohannis
1441 2679 1487 2755 de
1504 2679 1710 2781 Inchaffrpn
1730 2697 1767 2758 et
1782 2682 1947 2758 fratribus

443 2814 578 2890 ibidem
598 2813 667 2888 deo
688 2811 923 2888 seruientibus
944 2825 981 2886 et
1003 2810 1184 2886 seruitutis
1206 2825 1338 2888 terram
1361 2813 1515 2888 nostram
1538 2814 1575 2888 in
1598 2815 1856 2917 aladdymyne
1879 2844 1947 2918 que

444 2964 539 3024 terra
552 2961 699 3022 vocatur
714 2942 863 3020 Abthen
879 2969 945 3045 per
961 2943 1039 3018 suas
1054 2945 1166 3018 meas
1183 2943 1309 3019 diuisas
1326 2971 1409 3019 cum
1426 2945 1590 3020 omnibus
1602 2947 1705 3045 justis
1722 2949 1948 3048 pertinentijs

443 3079 512 3154 suis
536 3121 545 3136 ·
569 3076 778 3153 Tenendam
793 3076 840 3151 de
855 3074 958 3150 nobis
979 3074 1145 3174 predictis
1160 3073 1328 3151 fratribus
1345 3077 1383 3150 in
1406 3090 1620 3177 perpetuum
1643 3078 1827 3155 reddendo
1844 3082 1948 3156 nobis

444 3229 481 3291 et
506 3211 753 3288 sucoefl'oribos
775 3210 903 3285 nostris
922 3209 1111 3284 annuatim
1132 3234 1243 3285 ruam
1266 3233 1421 3292 marcam
1445 3210 1584 3312 argenti
1606 3210 1734 3288 scilicet
1758 3214 1947 3290 dimidium

445 3349 492 3424 ad
508 3347 727 3449 pentioollen
751 3358 789 3422 et
804 3343 996 3420 dimidium
1011 3343 1059 3418 ad
1074 3342 1200 3417 festum
1225 3343 1336 3418 suncti
1351 3343 1503 3426 martini
1529 3387 1538 3404 ·
1564 3343 1739 3420 Volumus
1764 3347 1885 3448 itaque
1909 3365 1949 3422 vt

444 3483 540 3558 idem
551 3482 678 3556 finum
694 3477 887 3580 predictam
899 3490 1032 3553 terram
1047 3489 1194 3552 teneant
1211 3489 1249 3551 et
1260 3477 1454 3576 pollldeant
1469 3477 1516 3552 de
1532 3478 1634 3554 nobis
1651 3493 1687 3554 et
1703 3479 1948 3557 successoribus

445 3616 570 3690 nostris
585 3616 637 3690 ita
651 3613 762 3688 libere
782 3622 819 3688 et
834 3611 956 3710 quiete
976 3608 1135 3710 plenarie
1152 3623 1187 3684 ot
1204 3609 1400 3685 honorifice
1416 3612 1462 3685 ab
1479 3613 1576 3686 omni
1596 3613 1778 3689 exactione
1800 3627 1838 3690 et
1860 3641 1947 3691 con-

445 3749 631 3827 suetudine
648 3762 684 3824 et
699 3745 845 3822 seruioio
860 3744 1006 3822 seculari
1021 3745 1069 3819 ad
1093 3770 1159 3818 nos
1183 3743 1385 3843 pertinente
1407 3743 1446 3817 in
1470 3745 1572 3821 bosco
1589 3759 1626 3821 et
1645 3745 1751 3844 plano
1777 3747 1814 3821 in
1836 3750 1947 3848 pratis

446 3901 483 3962 et
498 3881 635 3982 pascuis
656 3881 695 3955 in
711 3879 813 3979 aquis
828 3891 867 3954 et
882 3877 1097 3954 molendinis
1113 3891 1152 3953 et
1171 3877 1209 3951 in
1225 3877 1392 3953 omnibus
1409 3876 1485 3976 alijs
1498 3879 1720 3979 apliementis
1736 3881 1783 3956 ad
1796 3884 1946 3958 eandem

445 4035 576 4094 terram
596 4012 856 4116 pertinentibus
871 4013 959 4086 ficut
974 4010 1094 4109 aliqua
1105 4025 1201 4086 terra
1217 4011 1254 4085 in
1271 4010 1473 4110 episcopatu
1491 4011 1608 4086 nostro
1626 4054 1635 4073 ·
1653 4011 1796 4088 liberius
1808 4014 1946 4113 plonius

319 4213 324 4223 .
445 4167 483 4228 et
506 4145 796 4224 honorificentius
819 4159 963 4222 tenetur
987 4159 1025 4222 et
1045 4147 1237 4247 poffidetur
1257 4144 1351 4220 salua
1371 4146 1549 4221 duntaxat
1567 4147 1726 4247 predicta
1745 4150 1918 4247 poncione
1936 4191 1946 4212 ·

446 4284 610 4360 Testibus
625 4281 695 4380 hijs
719 4279 881 4382 ongiltm
906 4279 1067 4356 Henrioo
1090 4278 1338 4356 archidiacono
1363 4281 1506 4355 nostro·
1533 4281 1695 4380 magistro
1721 4281 1881 4359 Roberto
1901 4284 1946 4360 de

445 4415 681 4519 Raperessaue
703 4454 714 4476 ·
736 4414 899 4516 magistro
923 4413 1088 4490 Johanne
1110 4415 1157 4489 de
1178 4413 1327 4489 Hetoun
1352 4455 1361 4473 ·
1382 4413 1503 4488 Adam
1521 4413 1566 4490 de
1583 4413 1771 4491 Probenda
1794 4458 1803 4478 ·
1830 4416 1946 4494 Gillo-

443 4552 545 4628 berto
557 4548 739 4652 capellano
755 4549 801 4624 de
819 4547 1050 4649 Abcrlouedy
1060 4547 1239 4622 canonicis
1256 4547 1568 4624 Dunkoldenfibus
1586 4590 1596 4610 ·
1614 4549 1788 4650 Eugenio
1800 4552 1947 4650 persona
