4450 6034
814 1961 1204 2061 REGISTRUM

459 2246 743 2345 ABBAOIE
785 2246 873 2344 DE
913 2247 1156 2346 INSULA
1196 2248 1557 2350 MlssARUM.

859 2661 1172 2674 ..μασι-*ιι*-

258 3000 382 3102 Carta
399 3025 556 3122 Gilberti
573 3027 724 3105 Comitis
742 3027 787 3104 de
805 3025 1049 3126 Stmtheryn·

213 3293 231 3359 l
255 3264 308 3366 In
329 3291 475 3368 nomine
496 3291 633 3368 domini
655 3292 764 3368 nostri
788 3293 866 3368 Iesu
887 3290 1020 3368 Christi
1044 3291 1106 3391 qni
1132 3289 1309 3390 coequalis
1333 3305 1370 3368 et
1395 3305 1584 3368 coeternus
1608 3293 1658 3368 est
1679 3293 1763 3373 Deo
1828 3267 1865 3328 ῃ
1880 3243 1916 3290 θ’

253 3423 355 3500 Patri
388 3438 425 3502 et
460 3423 609 3526 Spiritui
642 3423 773 3502 Sancto
802 3426 884 3526 Ego
917 3422 1104 3501 Gilbertus
1136 3420 1230 3498 iilius
1259 3421 1408 3499 Ferthet
1436 3422 1510 3498 Dei
1541 3423 1764 3525 indulgentia

252 3581 372 3634 comes
392 3556 439 3632 de
463 3555 676 3658 Stratheryn
697 3571 734 3633 et
756 3583 823 3658 ego
846 3555 1011 3642 matildis
1037 3553 1110 3630 filiu
1133 3553 1315 3653 Willslmi'
1330 3553 1376 3629 de
1395 3553 1568 3657 Aubegni
1592 3556 1763 3634 comitifl's

252 3688 443 3791 inspirante
465 3691 581 3792 gretia
607 3689 728 3765 divina
752 3689 912 3766 volentes
938 3689 977 3762 in
1003 3686 1108 3764 feodo
1136 3687 1255 3763 nostro
1280 3700 1318 3762 et
1343 3686 1558 3788 patrimonio
1583 3687 1762 3766 emiefiam

253 3822 326 3898 Dei
346 3821 502 3900 exaltare
522 3836 559 3898 et
582 3822 630 3898 ud
651 3821 725 3898 Dsi
747 3820 884 3900 cultum
906 3821 1022 3898 fundis
1042 3819 1225 3921 religionis
1240 3818 1374 3895 ibidem
1393 3819 1570 3921 plantaria
1584 3821 1763 3898 inserere·

252 3955 517 4033 affentientibus
550 3955 730 4032 devotioni
762 3956 878 4030 nostre
910 3953 1170 4032 venerabilibus
1209 3953 1393 4056 Episcopis
1433 3955 1557 4031 nostris
1596 3954 1764 4034 Johnnne

252 4089 499 4167 Dunkeldenii
522 4104 558 4168 et
580 4089 738 4166 Jonsthu
759 4087 1007 4166 Dunblansnfi
1030 4089 1216 4190 liberisque
1240 4089 1367 4166 nostris
1391 4088 1565 4164 militibus
1586 4105 1624 4166 et
1643 4090 1763 4169 thenis

252 4223 527 4300 concedentibus
555 4263 565 4282 ·
591 4223 719 4298 demus
747 4221 975 4298 concedimus
1000 4235 1037 4298 et
1064 4222 1238 4298 tradimus
1265 4219 1508 4298 Inchcafferen
1533 4222 1631 4322 quod
1653 4220 1764 4298 latine

252 4356 382 4432 dicitur
416 4355 535 4432 Insula
573 4356 752 4430 miffarum
792 4355 938 4431 domino
976 4355 1093 4430 nostro
1131 4353 1216 4430 Jefu
1250 4353 1391 4430 Christo
1428 4366 1466 4429 et
1501 4353 1606 4432 beate
1644 4354 1761 4439 marie

251 4487 425 4590 genetrici
450 4488 527 4588 ejus
551 4489 738 4587 sanctoque
763 4485 921 4562 Johunni
945 4484 1100 4587 apostolo
1123 4484 1272 4564 liberum
1297 4485 1449 4562 solutum
1474 4499 1511 4563 et
1535 4486 1691 4588 quietum
1716 4489 1762 4564 ab

252 4621 349 4696 omni
378 4620 559 4696 exactione
586 4618 728 4696 servicio
755 4617 1007 4696 consuetudine
1037 4631 1074 4695 et
1099 4617 1310 4717 subjectione
1335 4618 1482 4695 seculari
1504 4647 1554 4696 -ea
1579 4619 1762 4698 voiuntste
