4450 6034
487 585 535 666 72
1059 583 1419 662 REGISTRUM

482 814 615 890 ibidem
628 815 711 891 Deo
722 815 960 892 seruientibus
976 830 1014 891 et
1029 815 1211 892 seruitutis
1227 817 1336 892 ladas
1349 817 1453 918 super
1465 815 1608 892 ecclelia
1621 817 1666 894 ds
1679 818 1902 919 Gladdirdyn
1915 845 1995 894 cum

327 995 365 1050 ,ιν
483 948 648 1024 omnibus
670 949 896 1052 pertinentijs
912 950 981 1025 luis
997 964 1035 1026 et
1050 951 1155 1052 super
1177 963 1273 1026 terra
1294 975 1364 1049 que
1380 947 1532 1025 Abthcn
1553 952 1600 1026 de
1622 952 1843 1053 maddirdyn
1868 951 1998 1028 dicitur

481 1096 518 1156 st
543 1082 647 1181 super
666 1081 789 1181 quieta
817 1080 1028 1157 clamatione
1053 1084 1099 1158 de
1122 1083 1201 1159 Gan
1227 1097 1264 1158 et
1286 1082 1455 1159 Gonueth
1481 1110 1550 1182 que
1577 1081 1697 1160 clerici
1724 1083 1996 1192 Dunlreldenses

483 1213 679 1312 antiquitus
702 1214 747 1288 ds
770 1214 895 1289 eadem
912 1213 1060 1289 Abthan
1078 1213 1260 1315 percipere
1285 1213 1544 1290 consuaserunt
1569 1253 1579 1276 ·
1603 1227 1641 1291 et
1662 1241 1744 1290 cum
1761 1216 1902 1316 dejure
1925 1241 1997 1290 non

483 1344 660 1444 pollemus
676 1371 744 1420 nec
759 1345 928 1420 vellemus
944 1371 1069 1421 eorum
1085 1345 1177 1420 ladio
1193 1343 1340 1422 honesto
1360 1345 1489 1447 injuste
1505 1345 1680 1422 contraim
1697 1371 1765 1422 nec
1780 1347 1857 1446 pias
1874 1371 1996 1422 eorum

484 1475 688 1553 collationes
710 1478 858 1578 pauperi
882 1477 1089 1561 monalterio
1109 1477 1281 1578 inprims
1306 1477 1356 1552 sui
1378 1477 1586 1555 fundatione
1602 1478 1710 1554 ladas
1734 1478 1914 1554 infirmare
1933 1505 1997 1554 nos

486 1609 613 1684 eodem
630 1609 753 1710 spiritu
765 1609 909 1708 pietatis
925 1609 1021 1684 ducti
1037 1635 1109 1708 quo
1126 1623 1162 1684 et
1179 1607 1229 1681 illi
1246 1609 1291 1683 de
1308 1608 1474 1684 consensu
1491 1621 1529 1684 st
1545 1609 1679 1684 affeusu
1696 1609 1842 1710 capituli
1859 1609 1996 1685 00010110

486 1737 750 1814 Dunkeldenfis
784 1739 993 1815 donationes
1027 1741 1259 1816 concelliones
1290 1753 1328 1814 et
1352 1739 1638 1815 confirmationes
1663 1740 1754 1815 dice
1783 1739 1923 1816 ecclsiis
1952 1740 1997 1814 de

486 1872 711 1972 maddirdyn
727 1886 765 1946 et
780 1871 936 1972 predicte
949 1871 1119 1948 Abthans
1136 1885 1172 1947 st
1185 1871 1417 1972 supradidam
1432 1872 1590 1972 quietam
1604 1871 1851 1948 clamationem
1867 1873 1994 1949 eisdem

371 2077 375 2083 .
486 2005 664 2080 canonicis
685 2006 792 2080 facias
808 2022 911 2081 astas
932 2020 969 2082 et
990 2020 1109 2107 gratas
1131 2005 1302 2082 habentes
1325 2005 1554 2082 consedimus
1571 2020 1607 2082 et
1624 2005 1662 2080 in
1680 2021 1892 2107 perpetuum
1909 2033 1996 2082 oon-

486 2139 670 2212 firmamns
685 2136 780 2212 salua
795 2137 898 2213 nobis
914 2151 951 2212 et
968 2137 1214 2212 suceefforibus
1232 2137 1358 2212 nostris
1374 2163 1444 2212 vna
1459 2139 1707 2212 tantummodo
1725 2115 1844 2214 marca
1859 2137 1996 2238 argenti

486 2268 671 2342 annuatim
694 2268 739 2342 de
764 2268 892 2343 eadem
909 2267 1083 2371 Abthayn
1106 2295 1174 2368 pro
1198 2270 1296 2342 omni
1319 2267 1500 2344 cratitione
1523 2269 1776 2345 consuetudins
1798 2284 1835 2344 et
1852 2270 1995 2344 seruicio

485 2400 630 2477 feonlari
652 2401 700 2476 ad
721 2427 788 2476 nos
810 2402 1004 2502 pertinenti
1025 2402 1256 2502 persoluenda
1277 2402 1325 2477 ad
1347 2403 1437 2478 duos
1462 2402 1633 2478 terminos
1655 2402 1783 2478 scilicet
1806 2403 1994 2480 medietate

486 2534 534 2607 ad
554 2533 773 2633 penticosten
794 2548 831 2607 et
852 2533 1045 2610 medietate
1065 2533 1113 2608 ad
1131 2534 1257 2609 festum
1282 2534 1389 2609 sancti
1413 2534 1566 2619 martini
1590 2535 1677 2609 licut
1696 2535 1734 2607 in
1759 2535 1994 2635 predictorum

487 2664 728 2764 episcoporum
756 2663 946 2739 autenticis
970 2664 1175 2740 inueuimus
1198 2664 1373 2740 contineri
1402 2705 1411 2724 ·
1438 2663 1666 2741 concedimus
1687 2664 1793 2740 etiam
1814 2666 1932 2740 abbati
1961 2682 1997 2742 et

486 2794 666 2870 canonicis
690 2793 819 2895 prefati
843 2794 1038 2896 monasterij
1066 2810 1103 2870 et
1129 2822 1253 2872 sorum
1276 2796 1525 2872 succefforibus
1551 2797 1589 2870 in
1614 2809 1828 2897 perpetuum
1855 2811 1894 2871 vt
1918 2823 1995 2897 prc-

486 2927 616 3003 01161οω
640 2927 819 3003 0001011οω
842 2930 889 3004 de
913 2928 1137 3031 Gladdirdyn
1160 2929 1323 3004 inbonis
1349 2929 1604 3030 temporalibus
1627 2929 1840 3005 omnimodis
1865 2930 1902 3004 in
1918 2930 1995 3004 rsus

485 3057 564 3133 suos
581 3058 741 3160 proprios
764 3085 829 3161 pro
845 3060 905 3134 sue
921 3058 1115 3135 voluntatis
1140 3060 1285 3136 arbitrio
1302 3074 1516 3137 conuertunt
1531 3060 1694 3137 faciendo
1717 3061 1867 3137 eandem
1884 3060 1996 3136 eccle-

486 3193 653 3291 {iamper
671 3190 854 3293 ydoneum
874 3191 1096 3293 capellanum
1119 3193 1177 3267 vel
1198 3195 1223 3266 ii
1245 3191 1434 3268 maluerint
1456 3219 1521 3293 per
1542 3193 1697 3293 aliquem
1718 3194 1929 3268 canonicum
1950 3193 1994 3268 de

485 3326 547 3401 suo
572 3323 719 3425 collegio
747 3324 917 3400 deseruiri
936 3323 1042 3400 saluis
1065 3325 1320 3427 episcopalibus
1348 3367 1356 3384 ·
1383 3325 1429 3398 In
1454 3325 1556 3426 cujus
1578 3324 1631 3400 rei
1655 3325 1893 3400 testimonium
1914 3324 1995 3399 huic

485 3458 612 3558 scripto
636 3456 787 3558 ligillum
808 3459 968 3532 nostrum
990 3458 1247 3558 apposuimus·
1274 3458 1376 3533 Data
1396 3457 1494 3558 apud
1517 3457 1744 3558 Dunkeldyn
1766 3484 1861 3533 anno
1882 3459 1995 3560 gratie

485 3591 665 3667 millelimo
685 3600 764 3666 cc¹¹²⁰
783 3591 959 3690 trigesimo
979 3569 1107 3665 octauo
1127 3591 1242 3692 pridie
1264 3591 1436 3666 kalendas
1459 3591 1621 3691 Januarij
1642 3591 1871 3692 pontificatus
1887 3593 1996 3667 nostri

487 3750 582 3797 anno
607 3723 713 3798 tertio
741 3766 749 3782 ·
777 3722 943 3797 'festibus
968 3722 1113 3796 domino
1137 3723 1256 3798 Adam
1280 3724 1326 3798 do
1351 3723 1534 3824 prebenda
1558 3724 1694 3800 decano
1720 3723 1860 3799 ecclelia
1885 3723 1994 3798 Dun-

487 3855 660 3930 keldeufis
678 3895 688 3914 ·
707 3855 868 3956 magistro
886 3855 995 3929 Petro
1016 3857 1061 3931 de
1083 3857 1209 3933 Castro
1235 3897 1243 3913 ·
1271 3857 1496 3932 Theodorico
1516 3858 1673 3956 ejusdem
1690 3855 1829 3932 ecclelia
1845 3881 1995 3956 precen-

488 4005 565 4064 tore
587 4031 596 4047 ·
616 3988 779 4088 magistro
800 3987 980 4063 Willelmo
996 3988 1042 4064 de
1058 3988 1253 4090 Edynham
1270 3990 1426 4092 ejusdem
1443 3989 1533 4065 sedis
1550 3989 1798 4065 archidiacono
1816 4030 1826 4050 ·
1853 3989 1996 4064 domino

488 4123 646 4196 Roterto
672 4120 888 4196 thesaurario
913 4121 1259 4199 domino-Willclmo
1279 4123 1478 4198 subdecano
1502 4166 1510 4183 ·
1532 4121 1676 4198 domino
1702 4120 1894 4205 malcolmo
1919 4123 1996 4196 suc-

485 4268 628 4332 centore
645 4297 655 4316 ·
674 4256 838 4356 magistro
856 4255 1018 4331 Roberto
1034 4256 1080 4332 ds
1097 4256 1301 4357 Laycestria
1317 4258 1487 4334 canonico
1504 4258 1622 4334 nostro
1639 4272 1676 4334 et
1692 4257 1770 4358 alijs
1788 4297 1797 4316 ·
