4450 6034
478 558 528 632 36
1052 553 1411 632 REGISTRUM

478 789 671 890 Aehbethy
697 789 736 864 in
762 815 907 866 nemore
935 791 1054 864 nostro
1080 789 1125 864 de
1152 787 1413 888 Rosmadirdyn
1442 787 1548 887 vsque
1575 786 1623 862 ad
1649 786 1769 863 villam
1798 787 1845 864 de
1875 788 1985 864 Pertb

476 933 696 1021 pontemque
717 921 850 997 ibidem
876 921 1042 996 firmandi
1065 921 1171 1020 super
1190 935 1320 995 terram
1343 919 1553 994 nostramet
1574 920 1753 996 firmatum
1770 921 1985 997 sustentandi

477 1053 676 1153 sumptibus
699 1053 871 1129 ditiorum
895 1053 1034 1129 abbatis
1060 1067 1097 1127 et
1122 1066 1320 1128 conuentus
1345 1051 1544 1152 eodemque
1563 1065 1675 1153 ponte
1695 1054 1821 1129 vtendi
1843 1055 1881 1127 in
1900 1080 1984 1155 per-

476 1201 628 1286 petuum
647 1213 712 1287 pro
733 1186 846 1261 libero
866 1186 926 1260 sue
946 1184 1139 1260 voluntatis
1160 1183 1307 1260 arbitrio
1327 1186 1398 1259 fine
1424 1183 1544 1282 aliqua
1564 1184 1816 1264 reclamatione
1840 1202 1982 1264 eontra-

407 1345 412 1356 ’
475 1316 628 1394 dittione
652 1333 715 1394 aut
730 1317 936 1420 grauamine
952 1317 1060 1392 nostri
1076 1331 1140 1392 aut
1161 1317 1334 1393 heredum
1356 1317 1554 1392 nestrorum
1572 1358 1583 1379 ·
1607 1319 1703 1395 vnde
1720 1320 1872 1395 firmiter
1887 1320 1981 1396 inbi-

475 1459 601 1532 bemus
623 1457 855 1533 seruientibus
877 1456 1002 1532 nostris
1024 1456 1086 1557 qui
1108 1480 1175 1556 pro
1195 1469 1354 1557 tempora
1375 1455 1508 1532 fuerint
1528 1455 1661 1532 ditium
1681 1481 1809 1532 nemus
1826 1457 1981 1531 nestrum

475 1590 751 1666 custodientibus
767 1604 805 1666 et
820 1588 1023 1691 inposterim
1041 1587 1266 1664 custodituris
1283 1614 1329 1665 ne
1345 1587 1447 1664 dietis
1462 1587 1628 1690 religiosus
1644 1589 1706 1665 seu
1730 1615 1854 1664 eorum
1870 1591 1980 1666 homi·

474 1723 580 1798 nibus
602 1749 685 1800 eum
713 1749 778 1824 per
802 1723 937 1798 dittnm
961 1735 1108 1822 pentem
1130 1736 1167 1797 et
1190 1721 1284 1795 viam
1306 1721 1502 1796 transierint
1524 1721 1720 1822 predieiam
1740 1747 1807 1823 pre
1830 1723 1980 1825 negotiis

473 1858 542 1931 suis
567 1857 798 1958 expediendis
823 1857 861 1931 in
886 1856 994 1930 rebus
1019 1854 1088 1928 suis
1115 1867 1178 1928 aut
1202 1853 1360 1955 personis
1385 1853 1580 1930 molestiam
1604 1855 1802 1956 dampnum
1828 1869 1892 1931 aut
1914 1855 1980 1930 ali-

473 1990 561 2090 quid
592 2016 786 2092 grauamen
819 1989 871 2063 eis
915 2002 978 2063 aut
1011 2013 1135 2063 eorum
1168 1987 1335 2086 euiquam
1369 1985 1498 2062 inferre
1531 1989 1734 2088 presumant
1772 2032 1781 2050 ·
1816 1991 1979 2064 volumus

472 2123 581 2198 etiam
607 2148 672 2224 pro
695 2121 798 2196 nobis
817 2133 855 2194 et
874 2117 1063 2194 heredibus
1083 2117 1209 2193 nostris
1230 2118 1326 2217 quod
1347 2118 1371 2191 ll
1395 2118 1579 2220 contingat
1608 2119 1776 2196 animalia
1805 2121 1977 2197 ditiorum

471 2254 610 2330 abbatis
632 2267 670 2328 et
692 2266 890 2330 conuentus
911 2265 973 2327 aut
992 2251 1178 2326 hominum
1201 2251 1341 2324 luorum
1358 2249 1396 2324 in
1412 2251 1589 2350 pasturam
1611 2253 1763 2328 nostram
1789 2253 1977 2356 transgres-

470 2390 546 2463 sum
571 2388 687 2462 faeere
711 2413 822 2460 vnum
844 2386 1029 2460 denarium
1049 2382 1190 2484 argenti
1210 2411 1275 2484 pro
1296 2384 1456 2484 quolibet
1475 2387 1683 2490 transgressu
1706 2389 1880 2464 ditiorum
1900 2390 1976 2463 ani-

469 2518 614 2594 malium
636 2518 779 2594 nomine
800 2544 892 2619 pene
911 2521 984 2594 fine
1005 2520 1139 2615 majore
1160 2517 1340 2592 exatlione
1359 2517 1592 2594 lemientibus
1609 2519 1734 2595 nostris
1751 2521 1975 2598 etheredum

470 2653 666 2726 nostrorum
690 2650 894 2750 persoluant
918 2650 980 2724 niu
1005 2649 1171 2724 animalia
1196 2651 1370 2726 ditiorum
1395 2649 1634 2752 religiosorum
1659 2655 1798 2728 abbatis
1828 2669 1865 2730 et
1895 2683 1975 2732 een·

469 2799 599 2860 uentus
619 2784 679 2858 seu
702 2783 887 2858 hominum
909 2783 1103 2858 earundem
1127 2782 1165 2856 in
1187 2783 1306 2858 nestra
1327 2785 1468 2883 pastura
1489 2785 1645 2883 predidla
1661 2787 1706 2862 de
1723 2802 1827 2862 nocte
1844 2787 1902 2864 vel
1919 2789 1975 2864 die

467 2919 605 3018 pastore
632 2931 777 2993 tenente
803 2917 859 2991 vel
886 2916 1051 3016 paleente
1079 2915 1308 2990 inueniantur
1335 2917 1512 3016 pascentia
1538 2919 1618 2994 Nes
1647 2947 1730 2995 vero
1760 2935 1796 2996 et
1825 2921 1974 2998 heredes

377 3053 380 3056 ’
467 3052 574 3126 nostri
596 3051 725 3128 didam
748 3050 975 3126 donationem
998 3050 1152 3124 nostram
1175 3060 1216 3123 vt
1239 3049 1435 3148 predidium
1459 3052 1509 3126 est
1529 3065 1654 3127 eontra
1669 3077 1792 3130 omnes
1811 3053 1974 3132 homines

465 3181 503 3254 in
526 3196 738 3283 perpetuum
758 3181 1085 3256 warrantizabimus
1105 3193 1143 3255 et
1163 3178 1394 3255 defendemus
1421 3223 1430 3240 ·
1457 3181 1504 3256 In
1529 3186 1632 3284 eujus
1657 3185 1711 3258 rei
1734 3186 1972 3264 testimonium

464 3313 547 3389 huie
562 3317 691 3417 scripto
703 3314 850 3417 tigillum
864 3315 1019 3390 nostrum
1037 3311 1171 3413 apponi
1187 3311 1334 3386 lecimus
1349 3355 1357 3372 ·
1375 3312 1516 3388 Datum
1528 3317 1627 3416 apud
1642 3315 1803 3394 Gallsnes
1817 3320 1875 3396 die
1888 3321 1971 3396 lune

462 3449 624 3548 proxima
644 3464 728 3526 ante
750 3449 877 3524 festum
906 3447 1020 3522 sande
1046 3439 1404 3546 marie'oeagdalene
1425 3473 1520 3522 anno
1544 3449 1658 3550 gratie
1682 3451 1863 3528 millellmo
1891 3464 1970 3532 cem

460 3582 709 3683 septuagelimo
734 3582 858 3656 oaauo
886 3622 895 3640 ·
927 3578 1010 3652 Hiis
1032 3577 1179 3652 testibus
1209 3575 1360 3651 dominis
1388 3576 1568 3654 Willelmo
1594 3595 1632 3656 et
1659 3581 1869 3660 Alexandro
1895 3588 1967 3663 fra.

462 3713 575 3788 tribus
591 3712 716 3787 nostris
734 3752 743 3771 ·
765 3710 918 3786 dominis
939 3707 1116 3784 Nicholao
1134 3708 1178 3782 de
1195 3707 1345 3807 Vepunt
1366 3721 1404 3784 et
1423 3708 1590 3812 Philippo
1609 3709 1750 3788 Olifard
1767 3715 1939 3794 militibus
1957 3749 1965 3768 ·

460 3843 578 3919 Alano
591 3843 716 3919 elerico
734 3883 744 3906 ο
762 3843 927 3945 Fergulio
944 3841 1155 3942 oe‘Kenady
1175 3881 1184 3900 ·
1208 3839 1368 3941 Hugone
1383 3841 1483 3916 fabro
1503 3885 1511 3902 ·
1530 3843 1648 3923 Almo
1663 3821 1836 3926 seruiente
1848 3853 1965 3928 nostro

461 3989 497 4052 et
508 3974 629 4051 multis
645 3974 749 4051 aliis·
