4450 6034
449 531 498 598 22
947 573 952 584 ·
1024 515 1398 596 REGISTRUM.
1450 517 1454 524 ’

451 769 489 830 et
504 752 696 828 heredibus
718 750 806 826 meis
822 763 860 825 ot
886 749 1061 849 indignatis
1078 762 1115 825 et
1137 725 1261 826 eorum
1278 750 1470 828 heredibus
1487 753 1525 826 iu
1543 751 1765 828 excambium
1783 777 1852 853 pro
1869 765 1968 828 terra

451 885 497 960 de
527 883 674 961 Oullath
700 881 848 957 donauit
876 895 914 956 et
942 881 1104 956 coneedit
1134 907 1242 981 quam
1271 883 1415 982 quidem
1440 897 1573 960 terram
1603 884 1649 960 de
1676 882 1822 960 Oullabh
1849 884 1968 959 didius

452 1041 568 1092 eomes
584 1042 630 1092 ex
645 1013 810 1090 eonsenl'u
825 1038 906 1088 meo
922 1011 990 1086 deo
1007 1025 1044 1087 er
1060 1011 1199 1088 eoeleiie
1216 1013 1262 1088 de
1278 1012 1514 1090 Dumblaneb
1530 1015 1568 1089 in
1579 1030 1796 1117 perpetuum
1814 1018 1967 1117 siligna-

452 1148 505 1223 uit
522 1147 714 1223 Tenendas
729 1158 767 1221 et
782 1143 963 1219 habendas
978 1143 1041 1218 libi
1057 1155 1096 1219 et
1111 1144 1180 1220 suis
1196 1145 1443 1222 suecefl'oribus
1460 1147 1505 1222 de
1525 1145 1585 1221 me
1606 1161 1643 1222 et
1664 1146 1856 1223 heredibus
1875 1149 1967 1223 meis

452 1294 489 1356 et
504 1278 680 1380 aflignatis
695 1277 733 1350 in
750 1288 962 1377 perpetuum
978 1275 1019 1350 in
1035 1300 1162 1377 puram
1182 1290 1217 1352 et
1233 1291 1443 1379 perpetuam
1461 1277 1676 1354 elimosinam
1689 1279 1800 1356 libere
1816 1271 1968 1378 psoiliee

451 1430 489 1490 et
505 1410 625 1513 quiete
641 1411 687 1486 ab
703 1411 802 1485 omni
818 1409 999 1486 exadione
1015 1407 1161 1484 seculari
1178 1421 1216 1484 et
1232 1411 1483 1486 consuetudine
1501 1425 1537 1488 et
1554 1413 1733 1488 demanda
1757 1456 1767 1474 ·
1792 1414 1839 1488 In
1862 1415 1967 1515 eujus

450 1546 502 1622 rei
531 1543 767 1620 testimonium
792 1539 862 1616 biis
890 1539 1001 1616 literis
1025 1539 1176 1641 sigillum
1202 1565 1322 1616 meum
1347 1542 1494 1644 apposui
1521 1541 1604 1618 Hiis
1630 1544 1797 1620 Testibus
1817 1544 1967 1618 domino

413 1755 418 1770 ,
451 1679 611 1754 Roberto
644 1677 704 1751 dei
736 1674 851 1776 gratia
878 1674 1041 1776 episeopo
1074 1673 1322 1750 Dunblanenli
1358 1719 1367 1736 ·
1403 1675 1576 1778 magistro
1602 1676 1760 1753 Rieardo
1789 1675 1965 1780 magistro

450 1809 617 1886 Johanne
632 1801 677 1883 de
694 1808 800 1908 Logi
810 1807 966 1906 ejusdem
981 1804 1123 1882 eoelelle
1135 1807 1314 1883 eanonieis
1334 1851 1342 1868 ·
1359 1808 1506 1883 domino
1519 1808 1545 1884 J
1557 1808 1693 1884 deeano
1711 1852 1720 1869 ·
1739 1799 1886 1886 domino
1898 1811 1963 1884 N·

450 1944 582 2018 redlore
598 1939 737 2016 ecolelie
754 1940 801 2014 de
819 1937 924 2014 Orefe
940 1981 951 2000 ·
969 1939 1149 2013 Treibram
1166 1939 1212 2014 de
1231 1939 1349 2042 Gorty
1366 1985 1375 2003 ·
1393 1941 1477 2017 th
1494 1957 1530 2018 et
1540 1942 1700 2026 monach
1716 1941 1797 2018 liliis
1807 1942 1932 2045 Alpini
1952 1985 1962 2006 ·

451 2089 488 2150 et
506 2074 625 2150 Brioio
642 2072 801 2173 dapifero
818 2109 829 2132 ·
848 2087 882 2148 et
896 2071 1019 2147 multis
1035 2071 1112 2146 aliis
1126 2114 1135 2131 ·
1148 2069 1248 2148 Data
1259 2075 1356 2176 apud
1370 2073 1524 2150 Insulam
1534 2061 1720 2159 miliarum
1737 2103 1833 2152 anno
1850 2077 1965 2176 gretie

451 2210 627 2290 millelimo
644 2218 722 2286 ee¹³⁰
738 2210 989 2311 septuagellmo
1004 2209 1120 2308 primo
1138 2208 1195 2282 die
1212 2207 1318 2283 lanei
1335 2206 1532 2283 Clementis
1548 2233 1642 2318 pape
1658 2222 1695 2282 et
1712 2209 1867 2284 martiris
1885 2251 1895 2270 ·

457 2582 579 2684 Carta
595 2607 748 2684 Tebeldi
764 2606 810 2683 de
828 2633 898 2683 vno
915 2607 1006 2681 tosto
1022 2620 1059 2681 et
1075 2605 1216 2681 duabus
1234 2607 1324 2682 aeris
1340 2621 1436 2682 terre
1453 2607 1491 2680 in
1510 2606 1689 2709 Petlandy
1709 2649 1718 2667 ·
1824 2713 1827 2720 Ι

386 2871 434 2941 20
455 2845 649 2949 Omnibus
668 2873 784 2948 landis
806 2871 928 2956 matris
947 2868 1088 2946 eeclelie
1109 2869 1192 2944 filiis
1212 2872 1352 2970 presens
1372 2871 1542 2973 seriptum
1567 2875 1691 2949 visuris
1709 2873 1763 2948 vel
1787 2872 1961 2948 audituris

454 3006 635 3083 Tebaldns
650 3005 744 3080 filius
767 3002 938 3080 Willelmi
953 3002 1015 3103 filij
1036 3002 1233 3079 Clementis
1250 3001 1397 3077 salutem
1425 3045 1434 3064 ·
1462 3001 1587 3080 Sciant
1603 3006 1782 3105 presentes
1799 3020 1837 3080 et
1852 3003 1963 3081 furui

453 3167 510 3215 me
527 3139 649 3214 diuina
666 3137 821 3213 caritatis
837 3136 971 3212 intuitu
983 3134 1114 3209 dedifl'e
1132 3147 1168 3209 et
1185 3135 1379 3209 eonoeffifl‘e
1394 3146 1432 3209 et
1447 3133 1516 3208 hae
1533 3149 1633 3210 carto
1648 3163 1729 3211 mea
1745 3135 1963 3211 confirmado

453 3273 520 3348 deo
543 3285 581 3348 et
605 3271 708 3344 beate
733 3269 851 3350 marie
877 3281 913 3343 et
931 3267 1038 3343 beato
1055 3265 1215 3342 Johanni
1240 3263 1396 3366 apostolo
1422 3279 1458 3340 et
1482 3265 1698 3367 euangelista
1723 3283 1760 3343 et
1782 3269 1906 3344 abbati
1927 3280 1962 3342 et

452 3404 647 3482 oonuentui
667 3403 713 3478 de
734 3401 854 3477 Insula
874 3402 1059 3486 Ulifl‘arum
1085 3399 1123 3472 in
1149 3425 1276 3500 purum
1302 3413 1339 3474 et
1365 3414 1578 3500 perpetuam
1601 3399 1825 3476 elemosinam
1853 3429 1962 3476 vnum

453 3539 605 3616 omitum
621 3535 682 3612 sex'
697 3550 920 3637 perustarum
936 3532 1171 3635 longitudinis
1186 3544 1222 3608 et
1235 3533 1294 3607 sex
1306 3531 1507 3608 latitudinis
1517 3559 1600 3607 eum
1613 3533 1753 3609 duabus
1765 3534 1858 3610 aeris
1870 3551 1963 3612 terre

452 3669 490 3746 in
502 3671 585 3745 villa
601 3697 682 3745 mea
694 3668 871 3768 Pellandy
883 3666 1048 3743 videlieet
1064 3667 1102 3741 in
1119 3691 1205 3767 agro
1221 3665 1285 3764 qui
1301 3665 1431 3741 dicitnr
1443 3664 1615 3742 licheleris
1631 3667 1695 3743 flat
1710 3681 1748 3743 el
1764 3694 1848 3743 oum
1866 3695 1961 3744 eom-

297 3865 299 3868 <
454 3804 555 3878 muni
570 3804 713 3905 pollura
728 3816 809 3877 octo
824 3826 1013 3876 vaccarum
1029 3814 1067 3876 et
1082 3799 1265 3900 sexaginta
1280 3799 1403 3874 ouium
1420 3815 1457 3874 et
1469 3799 1621 3874 duorum
1635 3826 1809 3900 equorum
1827 3816 1865 3877 et
1881 3828 1961 3877 eum

454 3937 620 4014 omnibus
636 3935 715 4010 aliis
731 3933 981 4010 communibus
996 3932 1209 4008 ailiamentis
1225 3931 1384 4033 predidle
1399 3931 1482 4008 villo
1504 3932 1722 4009 Tenendum
1738 3935 1801 4008 libi
1821 3935 1859 4010 in
1880 3961 1962 4037 per-

454 4086 605 4172 petuum
622 4067 742 4143 deme
759 4081 796 4142 et
811 4065 1002 4142 heredibus
1019 4063 1108 4140 meis
1124 4063 1235 4140 libere
1251 4063 1370 4163 quiete
1391 4063 1549 4164 plenarie
1570 4079 1606 4141 et
1624 4065 1820 4143 honorifice
1845 4108 1856 4128 ·
1883 4068 1963 4169 Ego

454 4217 598 4280 verost
621 4200 771 4277 heredes
795 4199 868 4274 mei
891 4197 984 4274 bane
1010 4197 1162 4273 eandem
1187 4196 1410 4274 elemolinam
1433 4197 1483 4273 eis
1507 4212 1632 4274 eontra
1652 4224 1777 4275 omnes
1801 4200 1963 4276 homines

454 4333 783 4412 warrantiaabimus
800 4347 837 4408 el
852 4329 1000 4408 liberam
1013 4345 1050 4407 et
1063 4329 1220 4431 quietam
1236 4330 1281 4404 ab
1298 4329 1396 4404 omni
1409 4329 1590 4406 exadlione
1606 4344 1642 4406 et
1658 4331 1804 4408 leruioio
1819 4333 1964 4409 seculari

455 4471 624 4546 faciemus
648 4469 724 4543 ·-In
739 4468 850 4568 hujus
868 4464 922 4542 roi
937 4463 1178 4540 testimonium
1200 4461 1283 4537 huie
1305 4459 1433 4562 scripto
1457 4461 1609 4563 ligillum
1633 4489 1756 4540 meum
1780 4468 1926 4568 apposui
1953 4509 1961 4527 ·

454 4621 492 4680 vt
515 4619 635 4682 autem
661 4601 728 4678 hee
751 4625 831 4676 mea
856 4598 1002 4674 donatio
1027 4594 1211 4699 perpetuis
1236 4608 1315 4670 ratu
1339 4593 1562 4696 temporibus
1587 4610 1798 4696 permaneat
1823 4597 1870 4672 ad
1895 4598 1962 4675 hoe
