4450 6034
434 508 484 581 66
1005 501 1366 580 REGISTRUM

432 762 548 810 meam
581 733 681 836 figuli
713 735 784 810 mei
817 735 1040 836 impreffiene
1072 735 1238 812 reberaui
1273 779 1282 796 ·
1318 736 1405 836 Hije
1435 738 1581 812 cestibus
1610 739 1774 840 magistro
1805 740 1944 816 Thema

432 868 568 942 decane
580 865 721 942 ecclefie
733 865 999 942 Duublanenfia
1018 909 1027 927 ·
1045 865 1199 944 dominia
1217 867 1256 944 G
1274 909 1283 928 ·
1301 882 1339 944 61
1355 868 1381 942 J
1398 908 1408 928 ·
1426 868 1472 944 de
1486 868 1626 971 Gumry‘⁷
1639 886 1676 946 61
1688 873 1734 948 (16
1752 871 1942 976 Buffydir·

431 1001 577 1075 domino
599 999 776 1083 mauricio
799 997 980 1100 capellano
1003 1015 1090 1073 tunc
1112 999 1256 1074 maioris
1273 1000 1442 1076 comitiffe
1458 1000 1504 1076 (16
1523 1001 1736 1106 Stratheryu
1755 1048 1764 1064 ·
1783 1005 1942 1082 Henrice

430 1133 504 1207 filie
531 1131 714 1217 malcolmi
731 1175 741 1192 ·
758 1132 935 1215 mauricio
951 1131 1044 1208 dieo
1062 1131 1170 1230 Kuyc
1189 1173 1197 1190 ·
1220 1131 1329 1207 Petro
1346 1131 1439 1208 (11616
1456 1132 1614 1211 Perkare
1633 1177 1641 1194 ·
1659 1135 1765 1238 Vttig
1781 1137 1881 1214 fabro
1898 1139 1942 1212 de

433 1263 637 1364 Streuellyu
655 1303 664 1325 ·
683 1263 827 1366 Regem
843 1262 937 1338 (11116
954 1261 1000 1338 (16
1017 1261 1217 1362 Duufallyu
1235 1278 1272 1340 61
1288 1263 1410 1340 multis
1427 1264 1504 1368 alijs
1523 1307 1532 1326 ·

433 1630 553 1736 Carta
568 1659 613 1734 de
630 1659 754 1734 decem
771 1658 861 1734 acris
878 1659 916 1732 in
932 1656 1017 1733 villa
1032 1658 1078 1732 de
1096 1656 1196 1733 Gau
1215 1700 1225 1719 ·

364 1920 411 2001 67
436 1900 604 2002 saherus
642 1921 688 1998 (16
723 1921 870 2022 Quincy
903 1947 1023 1999 comes
1059 1921 1243 1997 Wintouie
1283 1923 1449 1998 omnibus
1491 1923 1623 2000 Christi
1663 1923 1829 2000 fidelibus
1870 1924 1938 2001 hoc

427 2058 599 2158 scriptum
617 2055 740 2130 visuris
763 2054 819 2130 vel
841 2054 1016 2129 audituris
1038 2052 1186 2129 salutem
1213 2097 1221 2114 ·
1247 2056 1403 2131 Neuerit
1425 2058 1630 2133 vniueffitas
1653 2059 1767 2134 vestra
1790 2085 1850 2133 me
1874 2084 1938 2158 pre

428 2190 539 2264 salute
567 2213 649 2263 mea
678 2200 715 2262 et
744 2187 1002 2262 antecefferum
1027 2212 1189 2260 meorum
1219 2187 1348 2264 dediffe
1377 2202 1414 2264 61
1437 2190 1655 2266 confirmasse
1683 2190 1721 2262 in
1746 2217 1876 2291 puram
1902 2207 1939 2264 61

426 2333 637 2421 perpetuam
661 2316 885 2394 elemelinam
910 2317 994 2392 Deo
1019 2331 1056 2392 61
1080 2321 1185 2394 beate
1209 2321 1328 2402 (116616
1357 2335 1394 2395 61
1423 2318 1563 2396 66616116
1592 2322 1638 2395 (16
1668 2321 1872 2422 Inchaffiay
1900 2338 1936 2396 61

426 2455 606 2532 canonicis
629 2454 761 2530 ibidem
779 2452 861 2528 Dec
878 2453 1112 2530 seruientibus
1138 2454 1261 2528 decem
1284 2477 1383 2526 acrae
1400 2466 1493 2526 terre
1518 2453 1556 2526 in
1578 2452 1756 2528 territorio
1773 2454 1818 2529 de
1837 2453 1933 2530 Gau

424 2586 502 2662 illae
525 2585 655 2661 scilicet
684 2584 808 2660 decem
832 2609 932 2660 acrae
956 2611 1045 2683 quae
1070 2583 1270 2660 Willelmus
1295 2585 1341 2660 (16
1368 2583 1510 2658 Selfurd
1542 2583 1746 2658 senescallus
1770 2611 1873 2660 meus
1898 2602 1934 2660 et

423 2715 626 2791 Willelmue
648 2716 693 2790 de
715 2715 834 2792 Fored
856 2729 893 2791 61
918 2714 1120 2790 Willelmus
1141 2715 1287 2790 clericus
1311 2715 1530 2798 611116ιὶ666
1552 2711 1586 2789 le
1609 2717 1693 2798 11161
1715 2713 1786 2816 [61]
1810 2716 1932 2791 Adam

424 2848 541 2923 Rufus
564 2847 904 2950 perambulaueruut
920 2849 972 2922 616
987 2874 1053 2948 per
1070 2857 1280 2948 preceptum
1299 2871 1421 2920 meum
1440 2846 1623 2922 habendae
1641 2859 1677 2922 61
1693 2849 1867 2922 tenendae
1891 2849 1930 2921 ia

422 2995 635 3082 perpetuum
657 2980 767 3056 libere
784 2994 820 3054 61
840 2980 959 3079 quiete
975 2981 1021 3055 ab
1038 2981 1137 3056 omni
1160 2976 1306 3055 seculari
1338 2977 1483 3053 seruicio
1514 2991 1551 3052 61
1581 2978 1765 3054 exactione
1796 3022 1804 3038 ·
1830 2979 1930 3054 Dedi

422 3111 529 3188 etiam
555 3111 605 3184 616
634 3111 812 3211 pasturam
838 3108 961 3184 decem
983 3136 1171 3185 vaccarum
1194 3111 1233 3184 in
1258 3110 1439 3183 communi
1464 3111 1607 3209 pastura
1636 3111 1681 3186 de
1706 3111 1804 3186 (1611(
1829 3129 1866 3186 61
1892 3127 1929 3186 vt

420 3243 487 3320 hec
512 3268 594 3318 mea
618 3241 764 3318 donatio
786 3254 870 3315 6616
894 3255 930 3314 61
948 3241 1148 3316 1666666116
1167 3254 1376 3342 permaneat
1396 3267 1475 3316 cam
1495 3241 1594 3342 tigilli
1615 3242 1687 3317 mei
1711 3243 1929 3344 appositione

421 3374 585 3450 reberaui
613 3416 621 3432 ·
651 3372 845 3448 Sciendum
862 3371 972 3446 etiam
988 3373 1086 3472 qued
1107 3371 1174 3448 hee
1189 3372 1350 3472 predicia
1366 3373 1449 3448 dedi
1467 3373 1519 3448 616
1537 3374 1574 3446 16
1592 3374 1804 3448 escambium
1822 3377 1896 3474 -vij
1919 3419 1928 3435 ·

420 3532 581 3582 acrarum
599 3519 692 3581 terre
709 3529 797 3604 quae
813 3503 910 3578 idem
927 3503 1090 3580 canonici
1106 3503 1443 3604 calumpnieuerunt
1456 3501 1573 3582 versus
1590 3533 1649 3580 me
1666 3547 1675 3566 ·
1695 3505 1766 3580 Hie
1783 3507 1928 3581 testibus
