4450 6034
730 544 809 619 DE
841 540 1247 623 INCHAFFERY.
1714 552 1738 625 9

225 802 355 878 precor
389 777 499 856 etiarn
532 776 664 854 amicos
696 802 796 856 meoc
824 789 863 856 et
890 776 1094 854 hominibus
1129 789 1165 854 et
1198 773 1339 852 balliuie
1372 776 1459 852 meir
1493 777 1676 854 senescallo
1706 793 1743 856 et

224 911 350 989 Jndioi
378 937 460 992 meo
486 909 641 1013 precipio
675 911 843 1010 quatinus
876 935 960 989 cnm
994 909 1129 990 neceffe
1165 909 1273 986 finerit
1302 926 1338 986 et
1370 911 1525 1011 requisiti
1558 912 1743 988 fuerinta

223 1045 364 1146 prefato
382 1044 506 1124 Priore
523 1057 560 1125 et
581 1043 759 1122 canonicis
780 1043 877 1120 omni
897 1044 1077 1121 occasione
1097 1057 1134 1118 et
1155 1041 1324 1122 dilatione
1350 1059 1488 1122 remota
1507 1045 1547 1122 in
1569 1046 1740 1124 fidelitate

223 1205 334 1278 quam
350 1179 440 1255 mihi
456 1179 588 1256 debent
597 1178 743 1255 veniant
755 1178 802 1253 ad
813 1177 969 1279 prefatos
981 1177 1137 1276 priorem
1151 1191 1187 1252 et
1199 1177 1387 1254 canonicos
1405 1194 1440 1256 61
1453 1194 1599 1256 teneant
1611 1179 1741 1282 placita

224 1313 477 1390 canonicorum
493 1313 556 1386 ubi
573 1311 750 1388 canonicis
766 1310 939 1412 placuerit
954 1313 1042 1386 ficut
1058 1337 1138 1386 mea
1154 1311 1298 1413 propria
1321 1312 1371 1388 ita
1386 1327 1428 1388 ut
1444 1313 1572 1414 prefati
1588 1315 1685 1415 prior
1702 1329 1739 1391 et

224 1446 388 1522 canonici
405 1445 559 1522 habeant
575 1445 696 1522 omnia
714 1445 888 1522 foriffacta
907 1458 943 1520 et
963 1443 1083 1520 omnia
1102 1470 1173 1544 que
1196 1443 1244 1520 ad
1263 1445 1397 1521 curiam
1417 1473 1534 1521 meam
1557 1449 1739 1549 pertinent

222 1579 316 1656 salva
331 1579 420 1656 mibi
438 1595 475 1656 et
491 1579 680 1656 heredibus
696 1580 785 1654 meis
797 1580 938 1678 justicia
955 1605 1143 1680 corporum
1169 1623 1177 1640 ·
1199 1578 1260 1654 Do
1278 1580 1385 1655 etiem
1406 1581 1535 1657 eisdem
1555 1581 1737 1660 licentiam

222 1712 389 1814 capiendi
402 1739 527 1790 nemoe
539 1711 585 1788 de
597 1712 760 1790 firmariis
774 1712 861 1788 mein
874 1739 939 1812 pro
949 1711 1088 1786 decima
1099 1739 1170 1812 que
1183 1713 1233 1788 cia
1246 1713 1421 1814 contingit
1433 1715 1479 1790 de
1492 1715 1586 1791 dono
1600 1717 1738 1794 decime

222 1873 301 1922 mee
319 1849 347 1924 li
366 1847 457 1924 forte
479 1847 526 1923 ad
545 1846 715 1922 terminon
736 1847 885 1922 statutos
906 1872 978 1920 non
999 1845 1256 1947 persoluerint·
1283 1847 1446 1950 Precipio
1464 1849 1571 1925 etiam
1587 1851 1738 1927 firmiter

220 1979 324 2080 super
339 1980 549 2058 forisfactum
570 2007 692 2055 meum
707 1979 939 2054 seruientibus
955 1980 1044 2055 meis
1061 2006 1107 2056 ne
1125 1981 1204 2078 quie
1222 2007 1346 2056 eorum
1362 1982 1455 2058 infra
1474 1995 1587 2059 terras
1607 1985 1737 2086 prelati

220 2114 349 2215 prioris
379 2129 417 2190 et
440 2114 692 2191 canonicorum
714 2113 918 2192 violentiam
936 2113 995 2189 vel
1016 2115 1308 2192 disturbationem
1333 2117 1487 2217 aliquam
1511 2117 1643 2194 faciant
1668 2146 1735 2195 neo

221 2247 513 2350 aliquidexigant
529 2248 593 2326 nit
608 2273 674 2347 per
688 2274 813 2324 eorum
828 2246 1049 2326 volontatem
1066 2263 1104 2325 et
1123 2248 1304 2325 licentiam
1331 2295 1340 2312 ·
1367 2251 1417 2326 Et
1439 2267 1477 2326 vt
1500 2252 1566 2328 hee
1588 2252 1733 2328 liberter

221 2395 258 2459 et
276 2382 447 2461 concellie
469 2405 550 2456 mee
569 2406 592 2456 a
610 2407 669 2456 me
689 2395 727 2456 et
752 2380 943 2456 heredibus
964 2381 1054 2456 meir
1077 2396 1155 2456 rate
1182 2396 1219 2458 et
1246 2382 1447 2460 inconcusse
1473 2384 1672 2460 habeantur
1695 2385 1734 2460 in

218 2529 435 2618 perpetuum
461 2512 602 2612 presens
631 2514 801 2611 scriptum
828 2513 929 2616 tigilli
952 2516 1025 2590 mei
1048 2517 1260 2615 appenfione
1287 2518 1452 2593 roboraui
1477 2518 1562 2594 Hiie
1587 2520 1732 2595 testibus

218 2649 366 2726 domino
382 2646 561 2724 erlelmo
577 2647 721 2724 Abbate
737 2648 784 2724 de
802 2648 919 2725 Scona
937 2648 1096 2724 Roberto
1117 2648 1238 2725 Priore
1256 2650 1409 2748 ejusdem
1426 2651 1493 2727 loci
1514 2652 1540 2729 J
1540 2652 1679 2730 ohanne
1696 2667 1733 2729 et

218 2781 380 2860 Ricardo
405 2797 442 2857 et
464 2780 588 2880 Eungi
612 2780 802 2882 capellanie
826 2782 915 2858 meir
937 2780 1077 2865 (tlalifio
1095 2780 1292 2860 Seueseallo
1312 2811 1393 2861 meo
1408 2785 1585 2863 Willelmo
1606 2786 1739 2864 clerico

216 2941 298 2993 meo
317 2913 477 2992 Henrico
493 2913 566 2991 filio
584 2913 756 2988 Triilram
772 2927 809 2989 et
824 2913 946 2989 multia
963 2913 1039 2988 aliie
1058 2955 1067 2974 ·

218 3289 398 3391 Libertas
414 3314 571 3414 piscandi
587 3328 625 3390 et
646 3314 850 3414 aucupandi
869 3339 935 3414 per
955 3339 1078 3391 omnen
1099 3331 1212 3392 terrae
1238 3343 1348 3416 aquae
1372 3333 1409 3392 et
1428 3316 1526 3393 lacus
1543 3359 1553 3380 ·
1579 3321 1666 3395 item
1683 3322 1729 3396 de

218 3445 365 3525 decimis
389 3446 549 3522 secundis
574 3460 612 3522 et
636 3443 779 3520 libertae
804 3447 1016 3548 amputandi
1040 3474 1105 3548 per
1129 3447 1250 3522 omnia
1271 3473 1417 3522 nemora
1436 3449 1497 3523 ubi
1521 3452 1663 3550 quando
1689 3467 1727 3528 et

218 3595 394 3682 qnantum
404 3579 578 3657 voluerint
595 3581 642 3656 ad
655 3607 779 3655 omnes
790 3581 871 3655 usus
890 3623 899 3642 ·
917 3581 1004 3656 item
1020 3583 1066 3658 de
1083 3581 1187 3658 terrie
1204 3609 1277 3658 non
1295 3582 1423 3656 dandis
1441 3583 1504 3658 nifi
1520 3583 1622 3660 saluis
1633 3587 1727 3685 juri-

217 3715 284 3790 bur
301 3729 339 3790 et
355 3713 624 3791 rectitudinibus
641 3714 741 3789 istius
758 3714 964 3816 monasterij
984 3755 994 3776 ·

181 3950 416 4052 5Gi1bereus
442 4003 562 4053 comeo
589 3978 634 4052 de
664 3976 877 4080 Stratheryn
907 3978 1071 4054 omnibus
1096 3981 1212 4056 iandle
1241 3979 1361 4064 matria
1388 3979 1528 4056 ecclelia
1551 3980 1633 4056 filiis
1658 3985 1726 4061 hoc

218 4111 384 4210 leriptnm
400 4112 521 4186 visuris
537 4111 595 4186 vel
615 4112 791 4186 audituris
818 4111 964 4186 salutem
984 4111 1141 4188 Nouerit
1162 4113 1362 4188 univer-litae
1385 4115 1498 4190 vestra
1517 4142 1575 4192 me
1596 4117 1726 4194 dediffe

218 4259 256 4320 61
284 4245 477 4320 concellifl'e
504 4259 541 4319 et
567 4244 634 4319 hac
663 4258 760 4319 carte
787 4271 868 4321 mea
896 4246 1112 4320 confirmoffe
1138 4245 1205 4322 deo
1231 4261 1268 4322 et
1291 4247 1394 4322 beate
1418 4247 1535 4330 marie
1560 4264 1597 4323 61
1620 4245 1725 4328 beato

219 4376 377 4453 Johnnni
399 4375 556 4478 apostolo
580 4391 618 4451 et
643 4377 821 4452 canonicis
848 4377 893 4451 de
920 4375 1126 4478 Inehaffryn
1153 4378 1191 4452 in
1216 4403 1345 4478 puram
1367 4393 1403 4453 et
1429 4394 1639 4480 perpetuam
1659 4382 1725 4457 eli-

219 4510 388 4583 molinam
409 4508 456 4584 de
477 4535 536 4584 me
559 4523 596 4584 et
618 4507 808 4584 heredibus
830 4509 918 4583 meie
941 4508 1116 4584 decimam
1139 4508 1299 4583 omnium
1320 4509 1505 4584 firmarum
1527 4512 1724 4586 nostrarum

219 4656 254 4716 et
289 4667 457 4718 canorum
487 4643 684 4718 nostrorum
717 4642 755 4716 in
788 4642 966 4719 humente
999 4641 1113 4717 farina
1147 4642 1258 4718 brafio
1290 4667 1402 4742 grano
1436 4642 1531 4717 cafiie
1559 4644 1722 4720 carnibur

1440 4799 1461 4850 B
