4450 6034
761 554 840 631 DE
866 552 933 629 IN
939 551 1268 632 OHAFFERY.

264 894 389 996 (sarta
403 919 450 994 de
465 916 632 1018 Gilmory
649 913 912 1017 oealrgillendes
927 915 1029 990 seruo
1047 953 1057 972 ·

197 1179 242 1260 tt
263 1159 457 1261 Omnibus
477 1181 548 1258 boc
564 1180 735 1282 scriptum
749 1180 874 1255 visuris
891 1178 951 1254 rel
970 1177 1146 1252 audituris
1167 1177 1325 1261 maleus
1343 1203 1461 1256 comes
1481 1180 1526 1256 de
1546 1177 1763 1278 Stratheryn

258 1332 419 1394 eternam
436 1313 476 1388 in
492 1313 637 1388 domino
653 1311 799 1388 salutem
816 1350 827 1371 ·
844 1309 1002 1385 Nouerit
1018 1309 1225 1384 rniuersites
1242 1311 1356 1386 vestra
1372 1337 1438 1387 nos
1455 1311 1613 1388 cantatis
1629 1310 1763 1385 intuitu

259 1464 296 1525 et
318 1473 388 1548 pro
412 1444 522 1520 salute
546 1443 665 1518 anime
690 1443 806 1518 nostre
832 1453 869 1516 et
893 1440 1095 1516 eumarum
1123 1441 1378 1517 antecessorum
1405 1446 1605 1520 nostrorum
1632 1441 1762 1516 dedisse

258 1577 450 1654 conceffiffe
471 1575 595 1652 etheo
616 1576 771 1676 presenti
793 1588 894 1650 carta
915 1575 1032 1649 nostra
1053 1573 1271 1648 confirmasse
1296 1600 1361 1673 pro
1388 1575 1489 1649 nobis
1512 1589 1548 1650 et
1570 1573 1761 1650 heredibus

258 1711 385 1786 nostris
408 1709 492 1784 Deo
516 1722 554 1785 et
577 1707 718 1786 ecclesie
736 1707 843 1782 sensti
867 1704 1042 1781 Jobannis
1068 1704 1282 1805 euangeliste
1306 1706 1352 1780 de
1373 1704 1490 1781 Insula
1513 1707 1699 1790 stlifl'arum
1724 1720 1760 1780 et

258 1841 435 1920 cononicis
460 1840 593 1920 ibidem
618 1840 702 1916 Deo
730 1838 963 1915 seruientibus
992 1852 1029 1912 et
1055 1837 1092 1909 in
1121 1851 1336 1938 perpetuum
1360 1837 1541 1913 seruituris
1570 1839 1607 1912 in
1632 1863 1762 1939 puram

258 1989 295 2051 et
320 1989 534 2076 perpetuam
559 1971 781 2049 elemosinam
812 1969 979 2070 Gilmory
1008 1967 1194 2044 Gillendes
1222 1970 1362 2044 semum
1389 1971 1549 2044 nostrum
1576 1997 1658 2046 cum
1685 1985 1761 2047 tota

256 2102 393 2203 sequela
416 2103 538 2178 suaet
563 2127 629 2177 nos
654 2115 691 2177 et
712 2100 861 2176 heredes
885 2099 997 2174 nosiri
1022 2099 1157 2175 dissum
1182 2098 1347 2201 Gilmory
1370 2099 1555 2177 Gillendes
1578 2114 1618 2175 rt
1639 2103 1761 2202 supra·

258 2235 391 2310 dissum
424 2237 475 2310 esi
507 2235 609 2311 distis
641 2234 781 2310 ecclesie
813 2247 851 2309 et
884 2233 1063 2308 canonicis
1097 2233 1429 2308 warantizabimus
1459 2233 1712 2334 inperpetuum
1749 2273 1758 2292 ·

260 2367 306 2441 In
321 2369 426 2468 cnjus
441 2366 495 2440 rei
510 2365 747 2442 estimem
762 2363 913 2465 sigillum
930 2364 1089 2438 nostrum
1105 2363 1260 2464 presenti
1274 2377 1369 2440 certe
1381 2365 1498 2440 nostre
1511 2365 1735 2464 apposuimus
1751 2409 1758 2422 ·

260 2498 343 2600 Hijs
358 2497 504 2574 testibus
521 2496 664 2572 domino
681 2494 819 2579 molisio
835 2494 908 2569 filio
924 2493 1062 2569 comitis
1083 2535 1093 2553 ·
1111 2492 1136 2568 J
1137 2493 1302 2570 ohechim
1319 2495 1365 2571 de
1384 2495 1546 2597 Kynbuk
1562 2495 1731 2580 militibus
1751 2538 1759 2556 ·

260 2627 424 2704 Gilberto
439 2626 548 2701 fratre
565 2625 704 2702 comitis
727 2667 737 2687 ·
760 2624 938 2701 Nicholao
954 2628 1088 2702 restore
1104 2626 1246 2702 ecclesie
1263 2627 1308 2703 do
1327 2628 1446 2705 Oresse
1463 2643 1551 2705 tuuc
1567 2631 1759 2706 camerario

259 2761 396 2837 comitis
416 2803 424 2820 ·
441 2759 559 2834 Alaun
575 2757 766 2842 mariscallo
783 2801 793 2818 ·
810 2758 961 2860 Louryn
978 2760 1070 2843 mals
1088 2719 1273 2836 Gilscrsbt
1288 2760 1410 2836 multis
1427 2761 1505 2838 aliis
1524 2805 1534 2822 ·
1551 2764 1652 2840 Date
1664 2764 1760 2865 apud

261 2893 444 2970 Kenmore
465 2892 524 2967 die
546 2889 830 2966 annunciationis
852 2892 955 2966 beate
979 2891 1097 2977 marie
1112 2891 1260 2994 virginis
1284 2919 1378 2968 anno
1394 2893 1571 2969 dominice
1593 2895 1758 2970 iucarna-

260 3025 366 3101 tionis
382 3022 559 3107 millesimo
575 3031 653 3098 cc²⁰
667 3020 696 3096 1ο
712 3034 839 3096 octauo
857 3061 867 3082 ·

261 3393 385 3496 isiarta
399 3418 574 3496 Johanuis
592 3417 742 3495 Sturnos
760 3459 771 3479 ·

193 3687 240 3760 58
258 3657 450 3762 Omnibus
470 3681 538 3757 hoc
556 3680 727 3780 scriptum
744 3679 868 3755 visuris
887 3678 945 3754 vel
960 3679 1135 3756 audituris
1152 3677 1309 3764 melisius
1332 3706 1450 3758 comos
1471 3681 1516 3757 do
1542 3679 1755 3784 Stratheryn

253 3813 400 3890 salutern
416 3827 576 3888 eternam
592 3811 630 3886 in
646 3811 791 3886 domino
818 3853 827 3870 ·
853 3811 1010 3886 Nouerit
1022 3810 1228 3888 ruiuersitus
1244 3813 1359 3888 vestra
1374 3838 1433 3888 me
1450 3811 1606 3889 caritatis
1623 3813 1756 3890 iutuitu

254 3971 319 4046 pro
343 3943 453 4019 salute
477 3943 595 4018 anime
622 3968 702 4018 mee
726 3957 763 4017 et
787 3943 1042 4018 antecessorum
1067 3956 1104 4018 et
1127 3943 1355 4019 successorum
1380 3970 1541 4019 meorum
1565 3944 1695 4023 dedisse
1720 3959 1757 4021 et

253 4077 445 4155 concessisse
467 4092 504 4152 et
525 4076 593 4150 bac
616 4090 714 4150 carta
735 4101 815 4150 mea
837 4073 1161 4172 quietumclamasse
1184 4076 1230 4152 de
1253 4103 1312 4152 me
1333 4091 1370 4152 et
1392 4076 1581 4152 heredibus
1604 4079 1693 4154 meis
1718 4080 1756 4154 in

253 4223 467 4311 perpetuum
498 4207 582 4282 Deo
606 4209 772 4282 etberto
805 4204 963 4280 Johauni
996 4205 1150 4304 apostolo
1184 4222 1221 4282 et
1254 4197 1467 4310 euangeliste
1497 4224 1533 4283 et
1566 4209 1685 4283 abbati
1719 4223 1755 4284 et

254 4339 448 4418 conuentni
463 4338 509 4415 de
522 4337 645 4417 Insula
655 4338 842 4421 &filiarum
854 4338 890 4410 iu
904 4363 1033 4435 puram
1045 4350 1083 4413 et
1094 4354 1306 4440 perpetuam
1317 4338 1539 4416 elemosinam
1552 4340 1578 4414 J
1579 4339 1753 4416 ohannem

253 4474 386 4550 (lidum
398 4473 545 4547 Sturnos
554 4471 667 4545 filiurn
677 4470 817 4544 'l'home
826 4468 889 4570 filij
902 4469 1023 4546 There
1035 4497 1119 4544 cnm
1136 4485 1212 4547 tota
1227 4472 1365 4572 sequela
1379 4472 1440 4547 sue
1455 4515 1463 4532 ·
1477 4473 1633 4547 concedo
1644 4473 1752 4548 etiem

252 4632 319 4706 pro
338 4631 398 4681 me
415 4619 452 4679 et
467 4603 656 4680 heredibus
672 4600 760 4677 meis
777 4601 815 4676 in
831 4615 1046 4702 perpetuum
1069 4603 1150 4703 ipsis
1166 4603 1286 4680 abbati
1307 4619 1343 4680 et
1360 4603 1555 4681 conuentus
1572 4629 1677 4678 omne
1692 4606 1754 4704 jus

1427 4761 1453 4810 a
