4450 6034
807 527 885 600 DE
916 525 1319 602 INOHAFFERY.

251 869 504 974 Confirmatio
524 894 692 995 Hugoois
708 892 863 995 episcopi
880 894 985 995 super
1001 893 1143 969 ecclesia
1159 893 1203 968 de
1221 893 1465 996 maddirdyna
1483 937 1492 953 ·

177 1169 226 1247 71
249 1133 381 1264 Hugo
402 1162 460 1238 dei
479 1161 595 1264 gratia
615 1159 880 1235 Dunkeldenfie
893 1159 1076 1259 episcopua
1089 1158 1255 1235 omnibus
1271 1158 1516 1242 sandematris
1530 1157 1669 1236 ecclesie
1681 1160 1764 1262 filijs

247 1311 414 1371 eternam
441 1294 480 1368 in
507 1293 651 1369 domino
678 1291 827 1367 salutem
858 1334 867 1352 ·
901 1291 1058 1366 Nouerit
1085 1290 1293 1366 vniuerfitas
1321 1292 1435 1366 vestra
1468 1318 1534 1366 nos
1567 1293 1761 1368 eonceffiffe

247 1442 287 1502 et
312 1427 382 1503 bac
403 1442 501 1502 carta
524 1426 641 1499 nostra
660 1424 878 1499 confirmasse
903 1422 1038 1498 dilectis
1063 1422 1100 1496 in
1127 1422 1267 1498 Christo
1292 1421 1375 1523 filijs
1401 1423 1546 1498 domino
1571 1425 1691 1500 abbati
1716 1426 1762 1500 de

248 1559 457 1658 Inchaffray
484 1570 521 1632 et
536 1555 717 1630 canonicis
742 1554 877 1630 ibidem
894 1554 978 1630 Deo
1002 1555 1235 1630 seruientibus
1258 1568 1294 1628 et
1318 1554 1497 1629 seruituris
1520 1555 1699 1631 eoclefiam
1716 1557 1762 1632 de

247 1691 508 1792 &laddyrdyne
526 1715 610 1764 eum
620 1688 785 1763 omnibus
795 1687 898 1787 justis
909 1686 1137 1788 pertinentijs
1149 1687 1218 1762 suis
1229 1687 1279 1761 ita
1295 1685 1404 1761 libere
1417 1700 1453 1762 et
1470 1687 1587 1787 quiete
1604 1687 1761 1790 plenarie

247 1837 288 1899 et
304 1822 499 1897 honorifice
515 1821 604 1895 ficut
620 1833 719 1894 carta
735 1819 938 1894 donationis
954 1845 1061 1917 quam
1079 1819 1179 1894 dedit
1196 1818 1324 1893 eisdem
1342 1818 1519 1893 canonicis
1541 1819 1601 1920 pie
1625 1846 1761 1896 memo-

247 1957 303 2030 rie
332 1955 517 2029 Johannes
546 1954 684 2054 primus
710 1952 927 2051 predecessor
951 1951 1068 2026 noster
1101 1953 1249 2028 testatur
1278 1977 1360 2025 cum
1389 1952 1516 2026 eadem
1545 1950 1686 2028 ecclesia
1715 1955 1761 2028 de

249 2087 508 2189 maddyrdyne
533 2087 579 2159 ad
603 2085 832 2161 donationem
857 2083 1100 2185 episcoporum
1119 2082 1428 2160 Dunkeldenflum
1453 2085 1515 2185 qui
1538 2086 1612 2160 veri
1637 2086 1761 2161 dinos-

250 2235 384 2295 cuntur
408 2219 476 2292 effe
496 2218 638 2318 patroni
663 2217 839 2318 pertineat
863 2258 873 2278 ·
897 2217 976 2292 Noa
997 2232 1118 2292 autem
1140 2217 1201 2317 qui
1220 2215 1303 2292 licet
1322 2215 1410 2290 hora
1429 2216 1617 2292 undecima
1641 2219 1760 2292 sumus

251 2327 346 2425 inter
362 2352 541 2450 operarios
557 2348 651 2422 vinie
668 2348 804 2422 domini
822 2347 959 2423 Saboth
975 2374 997 2422 a
1012 2349 1148 2422 summo
1161 2346 1411 2449 patrefamilias
1424 2347 1628 2449 coangelico
1645 2350 1761 2426 vocati

250 2480 415 2581 quamuis
436 2478 557 2580 religio
577 2478 615 2552 in
635 2479 739 2553 nobie
759 2479 878 2553 minua
897 2481 938 2552 fit
956 2479 1128 2552 sufficiens
1151 2492 1188 2554 et
1208 2503 1292 2552 vera
1311 2505 1390 2552 eam
1406 2479 1580 2555 tamenin
1602 2479 1678 2580 alije
1700 2481 1760 2583 pie

250 2613 438 2688 confovere
455 2626 492 2687 et
509 2611 683 2713 religiosos
700 2611 954 2687 honorabiliter
972 2613 1120 2686 uastare
1140 2611 1310 2686 debemus
1332 2611 1559 2688 donationem
1576 2615 1762 2689 memorati

250 2744 387 2821 domini
404 2743 580 2818 Johannia
602 2742 849 2843 predecefforie
874 2742 982 2816 nostri
1006 2767 1147 2816 necnon
1169 2756 1206 2816 ct
1227 2743 1511 2818 confirmationes
1533 2745 1625 2820 bone
1641 2771 1761 2820 recor-

250 2877 405 2953 dationis
431 2875 577 2950 Rioardi
600 2886 638 2950 et
661 2874 839 2950 Jobannie
865 2875 1005 2948 secundi
1031 2874 1308 2976 predecefforum
1335 2877 1531 2951 nostrorum
1551 2878 1653 2976 super
1677 2905 1759 2976 pre-

250 3011 324 3084 fata
339 3007 482 3084 eeclesia
501 3007 547 3081 de
573 3006 795 3106 ssladdirdyn
818 3004 923 3079 latius
942 3020 980 3080 et
999 3005 1187 3104 benignius
1208 3006 1482 3107 interpretantes
1502 3007 1546 3082 de
1568 3007 1707 3083 consilio
1724 3024 1761 3084 et

251 3141 383 3216 assensu
408 3136 553 3239 capituli
578 3135 839 3212 Dunkeldenfir
858 3136 1024 3236 predictis
1046 3135 1166 3211 abbati
1185 3150 1222 3212 et
1248 3135 1425 3211 canonicis
1449 3162 1570 3210 eorum
1597 3139 1761 3216 tenuitati

251 3286 290 3348 et
304 3270 507 3374 paupertati
523 3269 778 3369 compatientes
804 3268 1032 3343 concedimus
1051 3283 1088 3342 et
1107 3267 1176 3341 hae
1195 3282 1293 3342 carta
1313 3268 1430 3341 nostra
1451 3269 1701 3343 confirmamus
1720 3286 1759 3346 rt

254 3430 376 3481 omnes
392 3415 588 3502 prouentus
605 3401 760 3502 prediolo
783 3398 923 3476 ecclesie
940 3401 985 3475 de
1008 3400 1243 3500 Gladdyrdyn
1260 3401 1298 3474 in
1317 3401 1395 3474 rsus
1414 3401 1492 3475 suos
1513 3402 1674 3501 proprios
1694 3431 1760 3504 pro

252 3538 314 3612 sue
329 3536 520 3611 voluntatis
533 3535 677 3610 arbitrio
687 3534 795 3610 libere
805 3548 1018 3610 conuertant
1036 3577 1044 3593 ·
1061 3533 1270 3634 presbiteros
1286 3547 1405 3608 tamen
1423 3534 1461 3607 in
1477 3536 1601 3609 eadem
1618 3536 1760 3611 ecclefia

237 3696 321 3772 pro
337 3684 498 3770 tempore
516 3667 748 3744 instituendos
766 3669 866 3742 nobis
883 3682 920 3742 et
936 3667 1181 3742 sueccfforibus
1204 3666 1330 3741 nostris
1351 3667 1553 3766 presontent
1573 3669 1634 3769 qui
1656 3671 1759 3745 nobis

253 3818 291 3881 et
311 3801 558 3878 successoribus
581 3801 707 3877 nostrie
730 3802 775 3875 de
797 3799 1035 3902 spiritualibus
1057 3799 1293 3900 respondeant
1314 3798 1407 3874 saluo
1423 3800 1530 3874 etiam
1543 3801 1580 3874 in
1593 3804 1758 3878 omnibus

248 3939 332 4035 jure
357 3933 542 4036 episcopali
573 3976 581 3993 ·
612 3933 665 4008 Vt
698 3945 820 4008 autem
849 3932 916 4009 hec
945 3934 1062 4007 nostra
1086 3933 1253 4007 concessio
1279 3932 1529 4032 inperpetuum
1554 3935 1656 4010 firma
1680 3953 1759 4014 rata

253 4083 291 4145 et
305 4068 506 4144 inconoufi'a
523 4081 731 4168 permaneat
747 4080 823 4142 tom
847 4093 913 4141 noe
934 4091 1041 4166 quam
1058 4063 1253 4165 capitulum
1270 4065 1382 4166 ipsum
1400 4065 1591 4167 insignum
1607 4069 1757 4144 affensus

252 4202 304 4276 sui
322 4200 432 4304 sigilla
451 4202 568 4275 nostra
587 4198 814 4301 apposuimus
839 4241 848 4260 ·
870 4199 955 4298 Hijs
980 4198 1124 4273 testibus
1149 4197 1309 4298 magistro
1331 4198 1490 4275 Henrico
1511 4200 1757 4277 archidiacono

252 4335 370 4409 nostro
397 4375 406 4391 ·
436 4331 599 4408 Gilberto
627 4330 807 4432 capellano
838 4373 847 4390 ·
878 4329 1057 4404 Willelmo
1083 4328 1265 4430 capellano
1294 4372 1303 4389 ·
1330 4330 1491 4430 magistro
1523 4331 1681 4408 Robcrto
1711 4335 1756 4408 de

253 4463 472 4567 Raparlow·
493 4463 654 4565 magistro
671 4462 836 4539 Johanne
853 4462 898 4537 de
916 4462 1065 4538 Hetoun
1092 4503 1102 4520 ·
1128 4461 1246 4535 Adam
1266 4461 1311 4536 de
1333 4463 1514 4562 prebenda
1540 4505 1549 4522 ·
1578 4463 1754 4539 Willelmo

253 4596 297 4672 de
317 4595 463 4697 Olonny
486 4595 663 4670 canonicis
686 4593 996 4668 Dunkeldenfibua
1019 4637 1029 4654 ·
1055 4592 1204 4676 matheo
1229 4594 1396 4669 decano·
1423 4593 1587 4694 Eugenio
1610 4596 1710 4695 perso
1718 4617 1745 4657 a
1754 4619 1771 4669 a.
