4450 6034
468 577 532 621 ιιι
1080 553 1355 620 APPENDIX.

466 769 546 847 bilis
574 771 682 848 freter
708 783 829 848 noster
858 771 1058 872 Episcopus
1086 769 1354 846 Dunblcneneis
1378 771 1417 845 in
1440 784 1565 846 nostro
1587 769 1776 872 proposuit
1798 772 1977 871 presentis

467 903 683 980 constitutus
703 903 801 1001 quod
823 925 906 979 cum
918 903 1003 978 olim
1019 900 1168 979 ecclesio
1182 901 1453 978 Dunblnnensis
1473 927 1540 1004 per
1554 915 1703 979 centum
1714 912 1828 978 moos
1844 916 1883 978 et
1899 925 1978 977 om-

467 1035 560 1137 plius
570 1033 874 1125 vccuuisse'tsfcre
884 1036 1004 1112 omnin
1012 1036 1108 1112 bons
1117 1037 1196 1134 ojus
1206 1034 1545 1137 fuerintnpersonis
1553 1033 1771 1112 secularibus
1780 1049 1979 1135 occupetur

466 1167 518 1243 Et
529 1166 612 1243 licet
623 1193 790 1268 processu
803 1167 973 1268 temporis
984 1167 1135 1244 frinsent
1146 1167 1186 1242 in
1196 1193 1240 1244 co
1249 1167 1373 1268 plnres
1386 1166 1557 1269 Episcopi
1572 1165 1727 1243 instituti
1737 1197 1751 1256 Ι
1761 1191 1828 1269 per
1838 1165 1976 1268 simpli·

467 1301 613 1375 citatem
626 1314 747 1376 tomen
760 1313 797 1376 et
809 1299 981 1376 incuriam
995 1299 1192 1376 eorundem
1208 1281 1282 1375 nori
1298 1299 1414 1375 solum
1425 1310 1590 1376 revocato
1604 1325 1680 1376 non
1694 1298 1842 1376 sumunt
1857 1297 1976 1374 taliter

466 1446 641 1533 occupatu
655 1431 907 1508 verumetiam
922 1430 1069 1531 reliquie
1086 1455 1158 1531 que
1173 1429 1426 1533 oocupnntium
1449 1453 1578 1506 munus
1601 1431 1799 1532 effugerunt
1823 1429 1978 1508 nlieuctc

466 1579 551 1639 sunt
565 1562 638 1638 fere
655 1563 798 1662 penitus
814 1577 851 1639 et
867 1577 1078 1664 consumpte
1091 1593 1105 1652 t
1117 1577 1266 1666 propter
1280 1563 1379 1664 quod
1394 1561 1514 1660 nullus
1524 1561 1687 1664 ydoneus
1697 1562 1823 1640 induci
1833 1575 1977 1664 poterut

465 1697 513 1770 ud
535 1720 625 1771 onus
649 1695 857 1794 hujusmodi
881 1698 1137 1773 assumendum
1153 1727 1167 1784 ι
1183 1719 1277 1798 pene
1301 1695 1517 1798 perdecem
1539 1721 1654 1772 onnos
1677 1696 1805 1774 codem
1831 1695 1978 1774 ecclesis

466 1829 612 1906 interim
624 1829 775 1930 pastoris
787 1825 913 1906 solutio
926 1827 1097 1906 destitute
1114 1870 1124 1890 ·
1142 1827 1310 1929 Cumque
1321 1851 1389 1904 nos
1400 1828 1632 1930 postmodum
1642 1826 1819 1905 intellcdlo
1830 1828 1977 1904 miseru-

465 1959 526 2036 bili
547 1972 644 2038 stetu
661 1963 737 2062 ojus
755 1991 769 2049 l
785 1958 1044 2037 venerabilibus
1058 1959 1227 2036 fracibus
1238 1959 1370 2036 nostris
1387 1959 1510 2036 emor
1525 1959 1676 2038 Andros
1692 1974 1729 2036 et
1745 1958 1978 2038 Brechinensi

465 2093 653 2195 Episcopis
679 2119 721 2168 oc
754 2091 822 2169 tibi
846 2091 954 2168 freter
977 2090 1247 2168 Dunlreldensis
1270 2089 1508 2194 provisionem
1536 2091 1649 2194 ipeim
1681 2090 1850 2168 duximus
1878 2115 1977 2168 com·

465 2225 679 2302 mittendum
709 2258 722 2314 1
751 2224 811 2300 Tu
838 2239 875 2302 et
899 2225 1008 2300 iidem
1032 2222 1204 2326 Episcopi
1227 2237 1413 2326 operantes
1437 2224 1568 2300 dicam
1591 2222 1791 2301 Ecclesium
1812 2248 1879 2326 per
1900 2227 1978 2323 jum

465 2357 600 2432 dictum
623 2357 845 2459 Episcopum
865 2381 971 2460 posse
993 2357 1040 2432 de
1063 2355 1145 2433 locu
1166 2355 1307 2434 miseric
1322 2356 1510 2458 respirare
1533 2357 1654 2458 ipsum
1675 2355 1795 2432 eidem
1815 2355 1977 2432 Ecclesio

464 2487 694 2589 prefecistis1
712 2511 820 2589 quum
840 2488 1063 2590 supradictus
1079 2487 1281 2590 Episcopus
1302 2487 1440 2564 invenit
1458 2487 1549 2564 odeo
1568 2487 1763 2565 desolutum
1785 2489 1882 2589 quod
1904 2511 1977 2566 non

303 2663 306 2672 ·
465 2619 624 2720 repperit
643 2619 706 2694 ubi
725 2629 974 2722 possct'ceput
993 2645 1098 2696 suum
1118 2619 1158 2694 in
1177 2618 1383 2697 Oethcdrcli
1402 2617 1566 2696 Ecclesia
1583 2618 1758 2696 reclinare
1784 2663 1793 2680 ·
1818 2619 1972 2696 Nullum

466 2751 655 2852 collegium
667 2767 744 2829 oret
760 2749 811 2829 ibi
825 2785 838 2842 ι
851 2751 915 2830 sed
927 2751 965 2827 in
977 2754 1056 2855 ipse
1066 2752 1230 2830 Ecclesia
1240 2752 1464 2855 discooperto
1474 2751 1622 2854 quidum
1634 2752 1839 2854 crpcllnnus
1850 2752 1977 2830 roralis

467 2885 587 2961 divine
596 2883 712 2961 officio
722 2883 919 2962 celebrabat
938 2927 947 2946 ·
967 2866 1085 2987 Ipsius
1095 2910 1238 2985 quoque
1249 2884 1420 2987 Episcopi
1431 2884 1594 2960 redditus
1605 2882 1790 2960 suntsdeo
1800 2899 1927 2962 munes
1940 2897 1977 2960 et

468 3019 577 3096 exiles
593 3019 690 3118 quod
706 3017 767 3092 rix
781 3044 847 3120 per
862 3017 1050 3093 dimidium
1066 3017 1153 3092 enni
1168 3030 1286 3117 potest
1308 3014 1440 3094 exinde
1459 3043 1616 3118 0⁰11ng
1637 3015 1829 3093 sustentari
1846 3055 1857 3078 ·
1875 3015 1977 3106 Quin

466 3177 549 3228 vcro
560 3149 730 3226 instantia
741 3163 862 3226 nostm
874 3147 1080 3249 quotidiana
1092 3163 1147 3226 cst
1158 3147 1319 3226 omnium
1332 3146 1560 3224 ecclesiarum
1575 3146 1763 3224 solicitudo
1780 3149 1975 3237 continuo!
2060 3211 2064 3218 .

466 3281 679 3360 fraternitati
704 3297 820 3358 restro
845 3306 911 3383 per
935 3279 1147 3380 Apostolico
1167 3278 1300 3381 scriptu
1320 3279 1532 3355 mundemus
1553 3292 1731 3380 quotenus
1754 3279 1808 3371 nd,
1824 3279 1976 3356 eundem

467 3414 647 3494 ecclesium
660 3413 891 3516 personaliter
902 3413 1169 3503 occedontesffsi
1182 3437 1262 3488 rem
1273 3411 1480 3490 inveneritis
1491 3411 1544 3487 ito
1552 3437 1629 3488 esse
1639 3441 1653 3500 Ι
1662 3425 1829 3510 quartam
1837 3426 1978 3513 purtem

467 3551 685 3628 decimarum
709 3546 870 3625 omnium
885 3545 1127 3623 Ecclesismm
1144 3544 1405 3622 Perochinlium
1420 3543 1686 3620 Dunblnnonsis
1701 3543 1852 3620 diocesis
1866 3543 1977 3622 fode·

468 3683 573 3772 tisrsi
589 3685 724 3782 ubsque
734 3679 834 3780 gravi
843 3675 1098 3755 scundslolicri
1113 3676 1268 3778 poterit!
1281 3675 1419 3778 prelato
1430 3676 1612 3779 Episcopo
1633 3675 1807 3778 assignari
1816 3706 1832 3763 t
1841 3689 1885 3752 nt
1894 3675 1976 3776 'ipsc

315 3846 316 3849 ¹
469 3815 514 3889 de
529 3825 647 3889 restro
663 3826 700 3888 ct
714 3813 890 3888 bonorum
905 3809 1061 3886 virorum
1082 3805 1228 3885 consilio
1250 3839 1265 3897 l
1285 3821 1464 3911 reseryntc
1484 3807 1553 3884 sibi
1570 3808 1618 3885 de
1638 3807 1727 3910 ipsis
1747 3833 1813 3910 pro
1829 3819 1972 3886 susten·

469 3947 604 4023 tutione
620 3969 685 4020 sus
700 3967 858 4044 congrue
878 3939 1042 4041 portione
1059 3973 1072 4029 ι
1089 3939 1224 4016 decano
1246 3952 1284 4015 et
1308 3939 1485 4016 cononicis
1501 3964 1592 4037 quoe
1607 3938 1741 4016 ibidem
1757 3965 1823 4041 per
1838 3965 1902 4014 vos
1917 3940 1977 4014 in·

468 4077 571 4156 stitui
593 4075 768 4152 voluimus
791 4087 829 4151 et
852 4071 1063 4150 mundamus
1084 4070 1245 4173 resignet
1269 4107 1279 4133 ο
1301 4070 1478 4171 Alioquin
1500 4070 1682 4173 assignato
1701 4069 1774 4172 ipsi
1797 4069 1977 4172 Episcopo

469 4221 597 4309 qunrto
624 4207 843 4302 decimarum
872 4203 1032 4282 omnium
1061 4203 1289 4281 ecclesiarum
1312 4203 1475 4303 ejusdcm
1497 4202 1648 4280 diocesis
1673 4217 1788 4303 queo
1815 4201 1978 4303 personis

469 4341 684 4420 secularibus
701 4340 909 4416 detinentur
921 4370 934 4427 ι
947 4337 1068 4415 sedem
1080 4335 1331 4438 Episcopnlem
1345 4335 1394 4412 ad
1404 4335 1658 4413 monesterium
1673 4335 1786 4412 eundi
1802 4335 1827 4412 J
1827 4335 1977 4413 elnonis

470 4473 732 4554 Ounonicorum
752 4469 969 4574 regularium
990 4445 1147 4570 predicte
1170 4466 1320 4546 diocesis
1337 4465 1556 4544 transferatis
1571 4497 1587 4554 t
1600 4465 1758 4570 eligendi
1779 4467 1977 4572 Episcopus

469 4633 552 4684 cum
567 4604 729 4683 Ecclesia
744 4603 822 4707 ipsu
835 4603 1011 4682 vocaverit
1028 4599 1221 4680 Oenonicis
1235 4599 1322 4702 ipsis
1337 4599 1570 4700 imposterum
1584 4611 1763 4700 potestate
1779 4623 1947 4679 concesse
1962 4635 1976 4689 ι
