4450 6034
463 531 486 598 8
1034 520 1394 600 REGISTRUM

462 754 662 830 nominatae
678 770 789 831 terras
806 756 964 858 pertinet
979 757 1017 831 in
1036 769 1252 858 perpetuum
1272 754 1555 854 acquietabimus
1586 795 1595 814 ·
1626 751 1754 830 Preter
1769 751 1837 828 heo
1854 765 1971 828 autem

463 886 577 987 adjeoi
592 887 640 962 ad
654 886 829 964 honorem
843 887 918 964 Dei
933 903 971 964 et
986 885 1249 988 promotionem
1265 885 1335 962 looi
1351 901 1388 962 et
1404 885 1624 987 prefatorum
1641 883 1895 960 oanonioorum
1910 883 1971 958 sus·

464 1018 698 1094 tentationem
715 1017 894 1095 eooieiiam
913 1020 1024 1096 innoti
1040 1019 1187 1096 Patrioii
1206 1019 1253 1094 de
1272 1017 1445 1119 Strogeth
1467 1017 1676 1094 ··eooleiinm
1692 1015 1804 1092 sancti
1822 1015 1973 1091 Seruari

464 1152 511 1226 de
532 1150 719 1253 Dunnyne
744 1190 754 1211 ·
781 1150 958 1226 oonlefiam
979 1151 1087 1226 anai
1110 1149 1258 1228 cattani
1283 1151 1329 1224 de
1357 1148 1644 1251 Abbyrothuin·
1667 1147 1848 1224 eoolefiam
1871 1147 1975 1222 santii

465 1283 678 1367 oeokhoffok
694 1283 739 1357 de
757 1281 1015 1359 Ouchtirardor
1036 1322 1047 1346 ·
1073 1281 1253 1360 eooleiiam
1268 1280 1377 1356 fannii
1393 1278 1508 1356 Beani
1525 1282 1571 1356 de
1589 1279 1776 1383 Kynlrell·
1799 1279 1975 1356 ecolefiam

464 1415 570 1490 sanoii
582 1413 697 1491 Beani
713 1415 759 1490 de
775 1414 908 1491 Fowlis
927 1457 936 1474 ·
953 1414 1134 1491 eooleiiam
1150 1414 1256 1490 santii
1269 1412 1468 1514 Iphernani
1481 1412 1526 1487 de
1539 1411 1751 1513 maddymy
1770 1453 1778 1473 ·
1797 1412 1976 1488 eoolefiam

466 1547 572 1621 [auiti
590 1546 742 1622 Seruani
759 1547 805 1622 de
818 1546 1046 1647 meydeuard
1062 1587 1072 1609 ·
1090 1545 1271 1622 eoulofiam
1288 1545 1404 1620 santio
1417 1541 1565 1645 Brigide
1583 1544 1628 1620 de
1643 1543 1830 1646 Kylbryde
1848 1586 1859 1608 ·
1878 1545 1976 1620 Ten-

466 1680 576 1756 endaa
587 1679 650 1753 [ibi
667 1692 704 1755 et
721 1679 969 1754 suooefforibur
985 1680 1151 1754 suiacum
1168 1678 1271 1754 terris
1288 1692 1325 1754 et
1341 1677 1491 1780 pasturis
1508 1690 1546 1751 et
1561 1675 1739 1778 herbagiio
1756 1690 1793 1754 et
1810 1678 1977 1752 omnibus

465 1810 653 1912 aliiojustie
665 1811 890 1909 pertinentiis
901 1811 972 1886 suis
983 1825 1021 1886 et
1033 1810 1244 1886 aifiamentis
1256 1809 1296 1885 in
1307 1835 1436 1910 puram
1448 1823 1485 1884 et
1496 1823 1709 1909 perpetuam
1720 1807 1976 1910 eleemosynam

465 1945 517 2019 ita
532 1942 642 2018 iibere
659 1958 696 2018 et
712 1943 833 2040 quiete
849 1941 1008 2044 plenarie
1027 1956 1064 2018 et
1082 1942 1279 2018 honorifice
1298 1944 1386 2020 fiout
1407 1940 1517 2042 aliqui
1538 1941 1687 2043 religiosi
1710 1941 1848 2043 aliquae
1871 1943 1977 2020 eoele-

465 2077 530 2151 iiaa
547 2075 584 2150 in
602 2088 678 2151 toto
694 2100 805 2175 regno
818 2075 939 2150 Sootie
954 2073 1098 2150 iiberius
1115 2073 1270 2175 quietius
1292 2074 1474 2176 plenarius
1495 2089 1532 2149 et
1547 2074 1842 2152 honorificentius
1855 2089 1978 2152 tenent

466 2220 504 2282 et
525 2207 700 2308 poffident
726 2233 772 2281 ex
799 2207 894 2281 dono
919 2205 1068 2307 alicujus
1090 2206 1230 2282 oomitin
1251 2205 1308 2282 vel
1328 2206 1472 2282 baronis
1496 2247 1505 2268 ·
1529 2206 1599 2282 His
1623 2208 1772 2283 testibus
1794 2209 1977 2285 Abbraam

467 2341 714 2418 Dunblanenfi
724 2342 902 2443 Episoopo
914 2341 1264 2438 -Willelmonbbate
1276 2344 1322 2420 de
1335 2342 1454 2420 Soona
1465 2341 1648 2420 ·Gilberto
1661 2342 1978 2421 Archidiaoonode

470 2475 685 2577 Stratheryn
704 2518 712 2537 ·
732 2477 894 2552 Roberto
908 2515 917 2534 ·
930 2475 1097 2577 Ferguiio
1111 2517 1121 2536 ·
1133 2475 1295 2560 molisio·
1313 2476 1481 2552 Gilberto
1497 2475 1578 2551 filiis
1594 2476 1684 2552 meis
1697 2520 1706 2537 ·
1718 2477 1857 2561 muliiio
1872 2479 1977 2555 senes·

469 2607 557 2686 oallo
573 2635 656 2686 meo
671 2651 682 2670 ·
696 2609 815 2685 Brioio
832 2610 979 2711 persona
995 2610 1040 2685 de
1058 2609 1177 2687 Oreffe
1196 2654 1206 2670 ·
1224 2610 1423 2688 Doneoano
1440 2626 1478 2688 et
1495 2610 1716 2688 Gillethoma
1731 2610 1812 2686 filiis
1830 2613 1977 2696 molisii·

468 2741 667 2818 Doneoano
687 2740 761 2818 filio
777 2742 889 2817 Brani
912 2784 921 2804 ·
945 2741 1090 2818 Gilorist
1110 2741 1183 2819 filio
1201 2743 1335 2845 judicis
1355 2745 1401 2820 de
1420 2743 1636 2846 Stratheryn
1658 2786 1668 2804 ·
1692 2744 1854 2820 Henrioo
1879 2745 1979 2821 Ren-

469 2876 569 2952 nario
585 2902 666 2952 meo
690 2918 700 2936 ·
721 2875 903 2952 Trestram
918 2875 992 2951 filio
1009 2876 1191 2953 Treiirum
1213 2919 1222 2937 ·
1242 2876 1478 2954 Constantino
1496 2877 1655 2979 dapifero
1677 2919 1686 2938 ·
1705 2877 1894 2956 Thebaldo
1910 2879 1980 2954 dis-

470 3010 630 3113 pensario
645 3037 727 3088 meo
743 3026 780 3088 et
797 3009 918 3086 multis
934 3009 1013 3086 aliis
1031 3052 1040 3071 ·

473 3386 546 3489 De
562 3411 727 3490 libertate
742 3412 885 3515 proprie
901 3413 1001 3489 ourie
1018 3412 1299 3490 oanonioorum·
2217 3417 2218 3466 i

431 3687 457 3754 4
476 3653 671 3756 thbertus
686 3679 781 3756 filim
798 3680 949 3756 Ferteth
964 3707 1083 3757 eomes
1099 3681 1146 3756 do
1165 3679 1380 3783 Stratheryn
1396 3680 1562 3756 omuibus
1581 3681 1708 3758 amieis
1728 3682 1798 3758 suis
1815 3698 1853 3759 et
1867 3685 1982 3762 homi·

472 3813 578 3888 mione
599 3813 665 3889 hae
685 3812 806 3889 literas
821 3813 943 3889 visuris
957 3813 1015 3891 rel
1031 3814 1205 3890 audituris
1221 3813 1366 3890 salutem
1390 3857 1398 3876 ·
1424 3813 1552 3891 Sciatis
1569 3815 1666 3916 qnod
1683 3817 1767 3892 dedi
1784 3831 1822 3893 et
1838 3821 1983 3896 oonoeffi
2217 3822 2218 3843 ¹

474 3947 558 4023 Deo
582 3960 620 4022 et
646 3947 765 4022 santio
788 3947 949 4024 Johanni
975 3948 1022 4022 de
1049 3947 1244 4048 Inohaiyrn
1268 3961 1305 4022 ot
1331 3945 1445 4022 Priori
1471 3961 1508 4022 et
1532 3947 1713 4025 canonicis
1738 3949 1875 4025 ibidem
1902 3951 1983 4027 Deo

473 4081 704 4158 servientibus
720 4095 758 4157 et
773 4081 950 4157 servituris
965 4079 1274 4158 hunelibertatem
1285 4081 1325 4155 in
1337 4107 1465 4184 puram
1481 4095 1518 4158 et
1534 4097 1745 4184 perpetuam
1759 4083 1984 4162 elemosinam

474 4233 517 4292 ut
541 4243 626 4293 oum
651 4215 771 4317 aliqua
795 4214 939 4318 querela
962 4242 1032 4317 que
1056 4217 1104 4292 ad
1130 4217 1266 4292 auriam
1291 4243 1409 4292 meam
1436 4216 1544 4294 debet
1569 4219 1727 4318 spectare
1753 4233 1853 4294 mota
1876 4219 1985 4298 suerit

474 4355 578 4455 super
598 4350 755 4454 aliquem
774 4349 956 4428 homiuem
971 4365 1180 4428 manentem
1203 4351 1242 4426 in
1264 4352 1368 4428 terrie
1390 4377 1515 4428 eorum
1537 4377 1612 4430 non
1630 4351 1794 4428 trahatur
1815 4355 1861 4430 de
1882 4353 1984 4431 terris

475 4483 965 4586 eorumadrespondendum
981 4483 1065 4561 alibi
1075 4484 1298 4562 sedteneant
1314 4484 1425 4562 libem
1442 4485 1821 4588 plnuitusuaprefatur
1833 4485 1985 4564 Prioret

477 4618 637 4697 mnoniei
653 4618 691 4699 iu
707 4633 803 4698 terra
820 4620 883 4697 sua
902 4618 1105 4720 ubieunque
1126 4618 1308 4696 voiuerint
1326 4633 1363 4696 et
1380 4643 1448 4722 por
1466 4619 1693 4720 quosounque
1712 4620 1765 4696 oia
1783 4619 1981 4721 placuerit·
