4450 6034
772 484 851 559 DE
878 483 1283 562 INGHAFFERY.
1733 491 1784 571 i?

268 722 435 798 cellionao
450 734 487 795 et
504 719 792 796 confirmationes
807 719 1015 804 monallcrio
1026 719 1070 794 de
1084 718 1295 820 Inchaffryn
1312 733 1349 795 et
1366 721 1543 796 canonicis
1559 721 1692 798 ibidem
1709 722 1777 797 deo

269 853 504 929 seruientibus
520 865 557 928 et
572 853 757 928 seruiturie
780 851 887 927 factas
909 853 1015 950 super
1037 850 1180 927 ecclelia
1195 851 1241 926 de
1258 852 1483 954 &laddirnyn
1507 879 1589 928 cum
1611 857 1777 931 omnibus

271 984 497 1086 pertinentijs
516 984 586 1058 fuis
603 998 640 1059 et
656 985 759 1085 super
774 998 869 1059 terra
892 984 939 1058 de
955 983 1180 1086 maddirnyu
1203 1009 1271 1084 que
1291 983 1440 1059 Abthan
1461 985 1590 1060 dicitur
1614 1001 1651 1062 et
1675 990 1778 1089 super

271 1117 370 1216 quita
386 1115 595 1191 clamatione
612 1115 658 1191 de
676 1115 777 1193 Cane
801 1128 840 1191 et
860 1114 1049 1192 Goueuath
1064 1141 1136 1214 quo
1155 1114 1270 1190 clerici
1290 1114 1564 1193 Dunlreldeuses
1584 1118 1630 1193 de
1652 1120 1777 1194 eadem

271 1249 420 1325 Abthau
432 1250 629 1350 antiquitus
644 1250 826 1351 percipere
837 1250 1095 1324 conuenerunt
1109 1291 1118 1308 ·
1132 1261 1263 1323 etcum
1277 1249 1322 1324 de
1335 1251 1419 1348 jure
1431 1277 1504 1324 non
1521 1252 1699 1352 poffumus
1712 1279 1778 1328 nec

272 1381 435 1458 volumus
457 1408 582 1456 eorum
606 1381 752 1458 honesto
775 1380 866 1456 fauo
890 1381 1018 1480 injuste
1041 1381 1215 1456 contraire
1241 1407 1308 1456 nec
1332 1382 1409 1483 pias
1429 1409 1551 1458 eorum
1575 1383 1778 1460 collationes

271 1513 422 1615 pauperi
451 1513 657 1598 monasterio
686 1513 793 1588 factas
820 1514 998 1588 infirmare
1023 1538 1089 1587 nos
1116 1513 1241 1588 codem
1267 1514 1390 1613 spiritu
1415 1515 1557 1612 pietatis
1587 1516 1681 1592 dotti
1707 1543 1778 1617 quo

273 1647 387 1724 atilli
415 1648 462 1723 de
487 1647 653 1723 consensu
683 1646 829 1748 capituli
858 1646 998 1723 eoelelie
1027 1647 1290 1722 Dunkeldcnfis
1315 1647 1523 1724 donationes
1549 1651 1780 1726 concelliones

275 1795 312 1856 et
334 1781 621 1857 confirmationes
645 1781 735 1856 dieto
760 1778 901 1856 ceclefio
924 1793 960 1854 et
982 1779 1132 1879 predicti
1154 1778 1302 1854 Abthan
1323 1793 1360 1854 et
1384 1781 1616 1880 supradidtam
1642 1782 1779 1880 quitam

275 1912 520 1989 clamationem
546 1913 674 1988 eisdem
701 1912 880 1988 canonicis
901 1911 1008 1987 ladas
1032 1925 1127 1986 ratas
1152 1925 1189 1987 et
1213 1927 1331 2012 gratas
1353 1911 1525 1988 habentes
1551 1915 1778 1990 concedimus

275 2063 313 2122 et
328 2048 583 2149 inperpetuum
600 2047 853 2121 confirmamus
868 2044 963 2120 salue
983 2045 1086 2120 nobis
1108 2059 1146 2121 et
1162 2046 1410 2120 tuccefforibus
1434 2047 1558 2122 nostris
1574 2075 1645 2124 vna
1664 2073 1781 2132 marca

275 2178 414 2282 argenti
432 2181 617 2255 annuatim
638 2179 684 2254 do
704 2179 831 2254 codem
854 2175 1004 2253 Abthau
1024 2176 1255 2276 persoluenda
1277 2179 1323 2252 ad
1344 2179 1433 2254 duos
1458 2181 1628 2256 terminos
1654 2181 1782 2256 scilicet

277 2313 468 2388 medietate
503 2313 550 2386 ad
583 2312 807 2388 Pentioostsu
840 2325 878 2386 et
915 2311 1108 2386 medietate
1138 2312 1185 2386 ad
1210 2311 1337 2394 festum
1370 2313 1475 2389 laudi
1511 2314 1661 2396 martini
1693 2316 1780 2390 ficut

277 2447 512 2550 predidtorum
546 2446 787 2546 episcopomm
820 2445 1009 2522 autenticis
1042 2445 1216 2522 contineri
1248 2447 1451 2522 inuenimus
1491 2491 1499 2507 ·
1541 2447 1781 2524 Ooncedimus

278 2580 384 2657 etiam
418 2579 539 2654 abbati
573 2593 610 2653 et
643 2578 820 2654 canonicis
846 2578 994 2680 predicti
1021 2579 1216 2678 monasterij
1249 2594 1434 2656 eteorum
1469 2581 1715 2658 sucoefi'oribus
1744 2583 1782 2656 in

278 2725 492 2813 perpetuum
519 2725 559 2788 vt
583 2710 778 2813 predictam
805 2709 982 2785 eccleliam
1011 2710 1178 2784 inbonis
1212 2710 1467 2810 temporalibus
1499 2712 1712 2788 omnimodis
1745 2713 1784 2786 in

282 2845 357 2918 vics
382 2845 462 2920 suos
487 2843 649 2946 proprios
673 2867 739 2944 pro
767 2843 827 2917 sue
851 2841 1043 2918 voluntatis
1070 2841 1216 2917 arbitrio
1246 2857 1458 2918 conuertunt
1483 2843 1644 2918 faciendo
1668 2845 1784 2920 eidem

283 2977 423 3054 ecclefie
438 3003 503 3078 per
523 2977 703 3078 ydoneum
729 2975 953 3076 capellanum
974 2976 1031 3050 vel
1051 2977 1077 3049 fi
1099 2975 1290 3051 maluerint
1314 3003 1377 3078 per
1402 2976 1555 3076 aliquem
1575 2979 1784 3053 canonicum

282 3109 328 3184 de
344 3110 405 3184 luo
421 3108 568 3208 collegio
582 3107 747 3182 deseruiri
762 3105 865 3182 saluis
882 3106 1134 3208 opiscopulibus
1160 3149 1168 3166 ·
1195 3107 1242 3181 In
1259 3109 1362 3206 cujus
1379 3108 1430 3182 rei
1447 3108 1685 3184 testimonium
1702 3109 1786 3184 huic

282 3242 410 3342 scripto
424 3240 573 3341 tigillum
590 3241 749 3314 nostrum
761 3239 987 3339 apposuimus
1005 3281 1014 3297 ·
1032 3238 1173 3313 Datum
1186 3239 1285 3338 apud
1302 3238 1523 3339 Tybermore
1535 3255 1662 3338 quarto
1676 3268 1788 3316 nouas

281 3372 435 3474 Augusti
461 3398 556 3447 auno
585 3371 721 3446 domini
749 3370 929 3490 millesimo
953 3378 1031 3446 cc¹²¹⁰
1060 3371 1270 3472 sexagesimo
1301 3372 1408 3446 tertio
1433 3372 1660 3472 pontificatus
1683 3375 1789 3447 nostri

281 3533 376 3582 anuo
409 3504 620 3580 duodecimo
646 3547 655 3563 ·
683 3503 768 3606 Hijs
797 3503 943 3580 testibus
971 3503 1133 3605 magistro
1161 3502 1321 3578 Roberto
1355 3504 1400 3579 de
1431 3503 1627 3606 Streuillyn
1655 3505 1790 3580 decano

130 3681 136 3693 .
281 3635 545 3712 Dunkeldenlis
570 3635 710 3711 ecclelia
737 3679 746 3694 ·
768 3635 931 3736 magistro
948 3634 1090 3711 Thoma
1105 3636 1152 3712 de
1170 3635 1280 3710 Perth
1297 3635 1434 3710 officiali
1452 3637 1567 3713 nostro
1594 3677 1603 3697 ·
1625 3638 1788 3739 magistro

280 3769 402 3844 David
412 3768 491 3846 Bell
507 3768 678 3844 canonico
694 3767 940 3844 Dunkeldeufi
953 3811 963 3829 ·
974 3768 1120 3844 domino
1137 3768 1280 3846 Thomu
1296 3770 1467 3846 canonico
1484 3772 1529 3847 de
1551 3770 1668 3870 Insula
1679 3772 1785 3846 laudi
1922 3815 1928 3826 ·

281 3898 456 3978 Golumbe
475 3943 484 3964 ·
503 3899 682 3976 Willclmo
698 3901 837 3976 uectore
854 3900 994 3977 coeletia
1010 3901 1057 3977 de
1073 3901 1249 4003 ‹liukyrly
1266 3917 1302 3978 et
1319 3901 1422 4000 alijs·
