4450 6034
445 514 470 579 4
1016 492 1377 572 REGISTRUM

446 748 483 810 et
509 731 707 808 intentione
733 755 805 830 qna
830 727 959 830 aliquis
983 726 1084 804 locus
1107 727 1147 800 in
1171 739 1248 802 toto
1273 750 1385 828 regno
1410 723 1616 803 Scottorum
1641 725 1787 804 liberius
1811 727 1955 806 solutius

448 864 607 968 quiecius
636 874 676 940 et
703 859 996 939 honorificentius
1028 858 1150 936 divino
1184 857 1296 934 cultui
1325 873 1362 935 et
1390 859 1507 934 santle
1540 857 1705 960 religioni
1736 859 1954 962 deputatur·

449 1023 599 1098 eamque
615 1023 697 1072 cum
714 995 879 1072 omnibus
902 992 1161 1094 possessionibus
1184 1017 1272 1094 quas
1293 991 1464 1067 hactenus
1483 991 1517 1067 ei
1536 1016 1602 1092 per
1622 1017 1687 1066 nos
1706 994 1776 1068 sive
1792 1019 1858 1095 per
1873 992 1957 1070 alios

450 1129 573 1207 fideles
599 1129 720 1205 divina
742 1127 887 1229 largitas
912 1124 1064 1202 contulit
1083 1123 1141 1202 vel
1162 1123 1291 1200 amodo
1317 1120 1487 1196 collatura
1509 1122 1559 1197 est
1580 1121 1736 1196 custodie
1760 1137 1797 1196 et
1819 1120 1957 1224 dispen-

452 1261 576 1338 sationi
597 1261 733 1336 domini
752 1257 888 1342 otatoii
908 1285 954 1361 p·
974 1299 1013 1319 ··
1045 1272 1082 1333 et
1104 1257 1251 1334 eremite
1276 1253 1531 1331 committimus
1553 1252 1600 1330 de
1622 1254 1728 1355 ipsius
1750 1253 1956 1330 discretione

452 1410 490 1470 et
505 1394 675 1496 religione
691 1392 886 1495 plurimum
902 1391 1122 1467 considentes
1146 1430 1155 1451 ·
1182 1389 1292 1464 Unde
1307 1387 1471 1463 volumus
1491 1400 1532 1462 ut
1551 1385 1648 1461 idem
1664 1385 1831 1470 maliosus
1851 1386 1958 1464 libera

452 1539 574 1602 vtetur
597 1523 766 1602 facultate
792 1522 1019 1624 quoscunque
1044 1520 1196 1597 voluerit
1222 1521 1340 1596 secum
1367 1518 1586 1621 aggregandi
1612 1533 1649 1594 et
1677 1545 1739 1595 eos
1767 1519 1958 1594 secundnm

452 1657 611 1759 regulam
632 1657 739 1732 sancti
759 1655 952 1758 Augustini
974 1681 1017 1730 eo
1040 1679 1148 1755 quem
1167 1654 1287 1752 potius
1306 1651 1467 1729 statuerit
1489 1651 1597 1726 modo
1619 1651 1666 1725 ad
1684 1650 1760 1728 Dei
1780 1651 1958 1728 seruitium

452 1788 667 1865 informandi
690 1830 699 1851 ·
725 1788 810 1864 Post
829 1786 1007 1864 decessum
1024 1813 1108 1862 vero
1129 1785 1222 1861 illius
1242 1810 1289 1860 ex
1308 1799 1411 1886 parte
1434 1782 1509 1860 Dei
1528 1784 1757 1886 prohibemus
1774 1811 1820 1861 ne
1836 1785 1959 1886 aliquis

453 1921 598 1998 omnino
627 1947 692 2022 per
721 1920 955 2022 cupiditatem
982 1917 1249 2020 congregationi
1277 1916 1370 1994 illius
1398 1916 1468 1994 loci
1495 1919 1529 1993 se
1557 1933 1733 2019 proponat
1762 1917 1825 1992 nili
1855 1945 1960 2020 quem

448 2054 600 2129 fratrum
617 2079 764 2129 concors
777 2051 902 2127 electio
915 2077 979 2152 per
991 2051 1162 2125 assensum
1177 2052 1335 2126 nostrum
1351 2051 1414 2126 sibi
1431 2051 1648 2152 preposuerit
1666 2078 1733 2127 nec
1749 2050 1875 2151 aliquis
1891 2053 1961 2128 siue

454 2183 637 2283 episcopus
656 2184 699 2257 sit
714 2184 785 2257 sine
801 2181 905 2257 heres
921 2183 1038 2258 noster
1053 2183 1232 2283 presumat
1247 2183 1335 2288 inibi
1352 2183 1506 2284 aliquem
1522 2198 1647 2260 contra
1663 2209 1798 2260 meram
1814 2183 1962 2260 fratrum

453 2310 673 2386 voluntatem
689 2309 871 2388 intrudere
884 2353 892 2372 ·
905 2311 1025 2388 locum
1041 2339 1124 2388 cum
1141 2316 1295 2391 eundem
1311 2317 1364 2392 ita
1380 2314 1548 2392 dileslum
1564 2315 1738 2391 habemus
1755 2316 1851 2416 quod
1867 2316 1905 2389 in
1921 2343 1962 2391 eo

454 2441 556 2517 nobis
583 2457 621 2516 et
649 2441 896 2518 successoribus
924 2444 1050 2519 nostris
1079 2445 1295 2548 sepulturam
1322 2446 1486 2548 eligimus
1517 2463 1553 2524 et
1578 2449 1655 2549 jam
1684 2446 1962 2549 primogenitum

455 2574 612 2647 nostrum
629 2573 762 2648 ibidem
777 2574 1014 2677 sepelliuimus
1031 2621 1040 2640 ·
1061 2579 1145 2657 Deo
1162 2581 1270 2682 igitur
1289 2597 1326 2657 et
1345 2583 1463 2658 sancte
1479 2581 1596 2666 &sarie
1616 2581 1752 2680 semper
1768 2581 1910 2682 Virgini
1929 2595 1965 2658 et

455 2713 571 2786 sancto
588 2711 746 2787 Johanni
767 2712 922 2814 apostolo
945 2715 1100 2814 ejusdem
1123 2715 1342 2816 procuratori
1364 2727 1401 2788 et
1423 2713 1562 2814 prefato
1582 2712 1726 2798 malicie
1746 2729 1782 2788 et
1802 2713 1965 2789 omnibus

456 2846 494 2919 in
513 2845 673 2946 predicta
689 2845 801 2920 insula
815 2843 898 2921 Deo
915 2845 1149 2924 seruientibus
1165 2859 1202 2920 et
1219 2845 1399 2921 semitaris
1420 2845 1578 2921 ecclesias
1595 2859 1632 2920 et
1648 2845 1867 2946 possessiones
1884 2845 1965 2919 snb·-

456 2978 601 3080 scriptas
618 2979 743 3053 demus
761 2994 798 3054 et
815 2978 1041 3054 concedimus
1053 2991 1091 3054 ot
1102 2979 1272 3079 presentis
1283 2979 1402 3079 scripti
1414 2977 1613 3053 munimine
1629 3004 1694 3078 per
1709 2978 1965 3080 impressionem

456 3110 557 3213 ogitli
581 3113 690 3188 nostri
715 3113 967 3187 confirmamus
995 3153 1005 3173 ·
1034 3111 1214 3187 eoclefiam
1235 3111 1342 3186 santii
1365 3111 1515 3186 Kattani
1541 3113 1586 3187 de
1607 3111 1964 3213 Abbyrrnotheuen·

459 3239 636 3324 ecclesiam
651 3246 759 3322 sanet
775 3245 966 3322 Etbirnani
983 3245 1029 3320 de
1041 3245 1288 3347 bsaddyrnin·
1307 3244 1486 3322 ecclesiam
1502 3245 1613 3321 sancti
1631 3245 1776 3321 Patricii
1790 3248 1835 3322 de
1851 3245 1965 3322 Stras-

457 3381 546 3458 keth
575 3420 584 3441 ·
616 3380 795 3457 ecclesiam
823 3379 931 3456 sancti
953 3379 1182 3464 mechefl'eok
1208 3379 1253 3454 de
1277 3378 1588 3454 Eochterardouar
1616 3421 1626 3442 ·
1654 3379 1832 3455 ecclesiam
1856 3379 1966 3456 sancti

459 3515 574 3590 Beani
599 3515 644 3591 de
672 3513 832 3617 Kynkell
855 3555 865 3574 ·
891 3514 1067 3591 decimam
1086 3514 1248 3588 omnium
1267 3539 1465 3588 cannorum
1485 3514 1683 3590 nostrorum
1704 3527 1742 3589 et
1760 3513 1967 3590 reddituum

460 3651 658 3725 nostrorum
683 3648 722 3722 in
745 3649 923 3724 fiumento
945 3647 1060 3723 farina
1084 3648 1205 3722 brasio*
1220 3671 1332 3747 grano
1358 3647 1455 3720 celiis
1482 3660 1518 3720 et
1546 3646 1712 3721 omnibus
1736 3647 1967 3747 cibariisque

306 3869 308 3872 y
461 3784 647 3859 annuatim
659 3782 913 3881 expenduntur
928 3782 966 3855 in
984 3780 1082 3856 curia
1097 3780 1215 3856 nostra
1232 3819 1242 3840 ·
1260 3794 1299 3856 et
1314 3780 1489 3855 decimam
1506 3780 1616 3855 totius
1628 3780 1722 3882 piffis
1738 3807 1808 3882 que
1824 3781 1872 3856 ad
1884 3808 1967 3881 quo-

461 3917 608 4017 quinam
623 3917 777 3992 nostram
789 3914 971 3990 defertur·
988 3929 1026 3990 et
1038 3913 1214 3989 decimam
1226 3913 1425 3989 venationis
1436 3914 1553 3989 nostre
1566 3929 1603 3990 ct
1615 3915 1791 3990 decimam
1808 3916 1969 3990 omnium

461 4051 640 4126 lucrorum
656 4075 726 4149 qne
741 4049 952 4150 perveniant
966 4047 1014 4124 de
1028 4046 1311 4149 placitis-nostris
1327 4046 1427 4122 etde
1443 4048 1716 4124 obventionibus
1732 4047 1967 4124 omnimodis·

462 4184 641 4260 licentiam
654 4209 795 4284 quoque
806 4181 963 4285 piscandi
978 4182 1017 4256 in
1037 4221 1049 4243 ·
1067 4221 1078 4242 ·
1096 4181 1210 4257 ·serin
1227 4181 1370 4282 quando
1387 4195 1424 4257 et
1441 4207 1583 4282 quoquo
1594 4181 1773 4258 voluerint
1791 4224 1801 4242 ·
1822 4196 1859 4258 et
1876 4184 1968 4284 oapi-

463 4318 548 4396 endi
563 4317 601 4391 in
617 4316 821 4394 nemoribus
836 4317 962 4392 nostris
977 4315 1179 4416 vbieunque
1195 4315 1257 4390 libi
1273 4314 1386 4416 magis
1403 4327 1647 4418 opportunum
1662 4316 1768 4391 fuerit
1784 4317 1969 4392 materiem

463 4453 511 4531 ad
535 4451 794 4528 edificationem
816 4448 1004 4526 domorum
1027 4451 1169 4526 aarum
1191 4465 1229 4526 et
1250 4447 1456 4525 utensilium
1478 4463 1515 4525 et
1540 4449 1588 4525 ad
1612 4450 1750 4551 pastum
1774 4449 1869 4552 ignis
1896 4491 1906 4512 ·
1934 4465 1971 4526 et

462 4603 535 4663 nes
550 4609 649 4660 acras
667 4596 763 4660 terre
780 4581 873 4660 illius
890 4610 961 4684 que
975 4582 1139 4687 proxima
1155 4583 1205 4658 est
1222 4581 1332 4658 insule
1348 4583 1466 4658 versus
1483 4581 1685 4683 aquilonem
1703 4609 1791 4684 quas
1807 4582 1970 4659 dedimus
