4450 6034
503 545 552 616 26
1091 534 1413 612 REGISTRUM

501 770 650 848 firmaffe
665 771 732 846 deo
755 783 793 846 et
814 768 953 868 ecclesie
972 767 1077 872 sensti
1098 767 1274 843 Johannis
1290 765 1436 867 apostoli
1452 780 1488 843 et
1504 765 1717 868 euangelista
1739 767 1786 843 de
1809 767 2006 844 Inehaffrin

501 919 539 979 et
560 903 737 978 canonicis
759 902 891 979 ibidem
909 903 978 978 deo
1001 900 1231 977 seruientibus
1254 914 1290 976 et
1309 899 1488 975 sentituris
1508 913 1621 975 tetam
1640 913 1772 976 terram
1794 901 1841 976 de
1859 902 2007 978 Arden-

500 1061 583 1137 gam
606 1061 671 1136 per
686 1036 797 1110 retias
813 1034 939 1108 diuisas
955 1034 1032 1108 suae
1048 1048 1085 1109 et
1101 1059 1184 1108 eum
1201 1032 1366 1108 omnibus
1385 1030 1489 1131 justis
1511 1031 1735 1132 pertinentiis
1752 1032 1821 1107 suis
1839 1049 1876 1110 et
1893 1049 2005 1110 tutam

502 1183 634 1242 terram
652 1169 698 1242 de
714 1165 979 1242 Achinlonxieh
997 1191 1062 1267 per
1080 1167 1192 1241 retias
1212 1165 1340 1240 diuisas
1362 1164 1440 1238 luas
1462 1177 1499 1238 et
1521 1190 1604 1238 eum
1621 1165 1786 1240 omnibus
1801 1167 1906 1266 justis
1922 1194 2004 1268 per-

502 1299 659 1375 tinentiis
680 1299 750 1374 suis
772 1314 809 1374 et
829 1313 942 1375 totam
964 1312 1096 1374 terram
1116 1300 1162 1374 de
1186 1297 1378 1373 Dubinder
1399 1323 1465 1396 per
1485 1299 1596 1374 retias
1616 1298 1744 1374 diuisas
1767 1300 1845 1374 suas
1866 1314 1903 1376 et
1923 1328 2004 1376 uum

501 1433 666 1510 omnibus
685 1433 788 1533 justis
810 1430 1032 1533 pertinentiis
1052 1444 1088 1505 et
1107 1441 1220 1506 totam
1241 1445 1371 1506 terrem
1388 1429 1484 1506 illum
1500 1456 1570 1530 qus
1585 1431 1800 1530 maehrunin
1817 1459 1887 1533 que
1910 1433 2026 1510 anti-.

341 1603 355 1675 ς
502 1566 621 1667 quitus
644 1563 807 1640 Abbacia
829 1565 1022 1640 vocabatur
1049 1589 1116 1664 per
1144 1563 1254 1638 retias
1278 1561 1406 1636 diuisas
1430 1562 1508 1638 fuas
1538 1577 1682 1638 etcum
1707 1564 1874 1640 omnibus
1899 1566 2002 1666 justis

501 1697 724 1800 pertinentiis
738 1697 807 1772 fuis
826 1740 835 1758 ·
853 1696 1043 1772 Tenendus
1063 1696 1102 1769 in
1120 1695 1269 1770 liberam
1288 1719 1415 1794 purum
1435 1708 1472 1770 et
1490 1709 1702 1796 perpetuam
1728 1694 1943 1772 elimolinam
1964 1699 2002 1772 in

502 1831 603 1907 besee
619 1845 656 1906 et
671 1828 777 1931 plano
793 1831 831 1904 in
848 1831 950 1906 terris
967 1843 1004 1906 et
1022 1828 1124 1928 aquis
1140 1828 1179 1902 iu
1196 1827 1308 1926 pratis
1326 1841 1363 1902 et
1379 1827 1515 1928 pascuis
1532 1828 1571 1902 in
1586 1829 1694 1904 moris
1711 1844 1748 1904 et
1767 1831 1940 1906 marreliis
1964 1833 1999 1906 iu

499 1964 645 2066 petariis
661 1978 699 2039 et
714 1961 856 2036 vitrariis
872 1961 910 2036 in
925 1960 1057 2062 stagnis
1076 1974 1113 2035 et
1134 1958 1346 2034 molendinis
1364 1975 1401 2035 et
1420 1960 1585 2034 omnibus
1601 1959 1678 2035 aliis
1696 1962 1800 2062 justis
1817 1964 2000 2064 pertinen-¹

499 2095 558 2171 tiis
574 2095 643 2170 suis
660 2110 696 2170 et
713 2121 796 2169 eum
812 2093 978 2170 omnibus
993 2091 1072 2167 aliis
1088 2091 1301 2166 aisiamentis
1321 2091 1369 2166 ad
1388 2091 1561 2193 preditias
1578 2107 1689 2168 terras
1705 2095 1799 2194 juste
1816 2097 2000 2197 pertinen.

439 2296 443 2304 .
499 2228 594 2302 tibus
614 2227 723 2303 libere
744 2241 782 2302 et
797 2225 917 2326 quiete
939 2223 1097 2326 plenarie
1120 2239 1157 2300 et
1178 2223 1373 2299 honorifice
1394 2225 1440 2298 ab
1463 2225 1560 2300 omni
1585 2225 1716 2302 auxilio
1736 2242 1773 2303 et
1796 2229 1941 2306 seruitio
1964 2247 2000 2308 et

500 2360 752 2436 consuetudine
774 2374 812 2435 et
833 2357 979 2434 seeulmi
1001 2357 1182 2433 exuitione
1208 2397 1218 2417 ·
1245 2356 1368 2446 Quare
1394 2355 1474 2433 volu
1495 2372 1534 2432 vt
1556 2358 1705 2456 preditii
1731 2362 1892 2438 canonici
1915 2390 1999 2463 pre-

499 2492 608 2568 dieas
624 2507 735 2569 terrae
756 2517 821 2593 per
842 2492 954 2568 retias
970 2491 1097 2564 diuisas
1118 2491 1197 2565 fuas
1219 2505 1255 2565 et
1275 2515 1356 2566 eum
1380 2491 1544 2566 omnibus
1563 2492 1668 2592 justis
1690 2494 1915 2594 pertiuentiis
1931 2498 1998 2572 suis

499 2625 550 2701 ita
570 2624 679 2699 libere
696 2639 733 2699 et
755 2623 873 2722 quiete
895 2620 1052 2722 plenarie
1074 2637 1112 2697 et
1135 2621 1327 2698 honorilice
1350 2622 1388 2696 in
1403 2621 1551 2698 liberem
1574 2639 1611 2700 et
1630 2626 1788 2725 quietam
1812 2642 1849 2704 et
1871 2656 1998 2731 puram

499 2771 536 2833 et
557 2770 766 2857 perpetuam
788 2753 1009 2830 elemnfinam
1034 2753 1246 2830 habeantet
1269 2755 1464 2856 postideunt
1489 2759 1576 2832 licut
1602 2755 1720 2858 eliqua
1746 2759 1935 2838 elemosina
1960 2764 1996 2838 in

497 2915 608 2990 regno
627 2888 748 2964 Seotie
763 2888 809 2963 de
825 2887 942 2988 aliquo
964 2889 1094 2963 semite
1109 2887 1255 2963 liberius
1272 2901 1309 2963 et
1325 2888 1483 2988 quietius
1499 2887 1638 2990 plenius
1655 2906 1692 2967 et
1707 2891 1996 2972 honorifieentius

497 3037 641 3098 tenetur
665 3035 702 3096 et
726 3022 915 3122 peffidetur
942 3063 950 3080 ·
979 3020 1060 3094 Hiis
1084 3019 1230 3096 testibus
1255 3021 1411 3096 Jonatha
1436 3021 1601 3122 episeopo
1623 3023 1872 3102 Dunblanenfi
1896 3032 1994 3114 ιω·

497 3153 666 3231 eomitifl‘a
693 3153 740 3228 de
768 3151 982 3252 Stratheryn
1009 3192 1019 3213 ·
1050 3151 1187 3234 (tlalifio
1213 3151 1320 3227 fratre
1347 3153 1485 3229 comitis
1516 3195 1525 3213 ·
1556 3154 1703 3232 Ferteth
1729 3157 1802 3234 filio
1830 3161 1994 3238 comitis·

497 3287 652 3372 matilda
667 3285 741 3362 filia
756 3285 893 3361 eomitis
918 3329 926 3345 ·
948 3286 1113 3362 Juhanne
1129 3284 1374 3360 archidiacono
1396 3328 1405 3346 ·
1431 3285 1614 3362 Abbraam
1631 3289 1812 3388 capellano
1829 3293 1968 3370 comitis
1985 3337 1994 3354 ·

499 3417 763 3498 Gillmenenieh
781 3419 940 3520 dapifero
962 3418 1101 3494 comitis
1128 3459 1137 3478 ·
1164 3416 1301 3502 malitie
1321 3417 1475 3493 filiosuo
1501 3458 1511 3478 ·
1539 3418 1702 3496 Gilberto
1721 3422 1812 3498 socio
1829 3427 1967 3503 comitis
1985 3469 1994 3487 ·

498 3553 730 3631 Constantino
763 3552 885 3654 judiee
923 3591 934 3614 ·
973 3549 1157 3629 Gillebrelr
1190 3549 1364 3626 Anaeholl
1399 3550 1444 3625 de
1478 3549 1621 3652 Dunyn
1660 3595 1670 3613 ·
1707 3553 1891 3634 Duncauu
1924 3559 1994 3634 filio

497 3685 625 3770 walin
649 3729 657 3746 ·

501 4058 745 4160 Confirmatio
761 4082 900 4158 comitis
915 4081 1043 4166 utaliti
1058 4082 1161 4184 super
1176 4082 1280 4158 donis
1295 4083 1575 4185 predeeefforum
1590 4086 1732 4162 luorum
1750 4128 1761 4149 ·

431 4365 479 4434 25
499 4323 691 4427 Omnibus
715 4348 783 4425 hoe
806 4349 975 4450 seriptum
995 4349 1118 4423 visuris
1142 4348 1197 4424 vel
1223 4350 1395 4425 audituris
1422 4392 1431 4411 ·
1458 4354 1533 4436 αὶ·
1560 4379 1678 4430 eomes
1705 4356 1751 4429 de
1779 4355 1992 4462 Stratheryn

495 4481 640 4556 salutem
675 4524 684 4541 ·
726 4479 881 4556 Neuerit
908 4479 1113 4556 vniuerlitas
1146 4481 1258 4556 vestra
1290 4481 1386 4581 quod
1419 4508 1502 4556 eum
1535 4508 1600 4556 nos
1634 4498 1671 4559 et
1703 4483 1852 4564 heredes
1886 4491 1993 4566 nostri

495 4631 659 4692 tenemur
678 4641 724 4691 ex
742 4615 837 4692 deno
859 4613 987 4690 nobilis
1006 4613 1073 4689 riri
1095 4611 1248 4690 Gilberti
1267 4613 1326 4688 aui
1346 4614 1453 4688 nostri
1473 4627 1510 4689 et
1529 4614 1636 4690 etiam
1656 4641 1701 4692 ex
1721 4619 1990 4699 confirmatione
