<?xml version="1.0" encoding="UTF-8"?>
<!DOCTYPE html PUBLIC "-//W3C//DTD XHTML 1.0 Transitional//EN"
    "http://www.w3.org/TR/xhtml1/DTD/xhtml1-transitional.dtd">
<html xmlns="http://www.w3.org/1999/xhtml" xml:lang="en" lang="en">
 <head>
  <title>
</title>
<meta http-equiv="Content-Type" content="text/html;charset=utf-8" />
  <meta name='ocr-system' content='tesseract 3.04.00' />
  <meta name='ocr-capabilities' content='ocr_page ocr_carea ocr_par ocr_line ocrx_word'/>
</head>
<body>
  <div class='ocr_page' id='page_1' title='image "./liberinsulemiss01innegoog_0137.png"; bbox 0 0 4450 6034; ppageno 0'>
   <div class='ocr_carea' id='block_1_1' title="bbox 775 508 1280 588">
    <p class='ocr_par' dir='ltr' id='par_1_1' title="bbox 775 508 1280 588">
     <span class='ocr_line' id='line_1_1' title="bbox 775 508 1280 588; baseline 0.008 -6"><span class='ocrx_word' id='word_1_1' title='bbox 775 509 855 584; x_wconf 83' lang='lat' dir='ltr'>DE</span> <span class='ocrx_word' id='word_1_2' title='bbox 881 509 947 585; x_wconf 89' lang='lat' dir='ltr'>IN</span> <span class='ocrx_word' id='word_1_3' title='bbox 954 508 1280 588; x_wconf 80' lang='lat' dir='ltr'><strong>OHAFFERY.</strong></span> 
     </span>
    </p>
   </div>
   <div class='ocr_carea' id='block_1_2' title="bbox 270 845 707 950">
    <p class='ocr_par' dir='ltr' id='par_1_2' title="bbox 270 845 707 950">
     <span class='ocr_line' id='line_1_2' title="bbox 270 845 707 950; baseline -0.002 -2"><span class='ocrx_word' id='word_1_4' title='bbox 270 845 391 948; x_wconf 73' lang='lat' dir='ltr'>Carta</span> <span class='ocrx_word' id='word_1_5' title='bbox 407 885 500 950; x_wconf 87' lang='lat' dir='ltr'>terre</span> <span class='ocrx_word' id='word_1_6' title='bbox 516 873 562 948; x_wconf 93' lang='lat' dir='ltr'>de</span> <span class='ocrx_word' id='word_1_7' title='bbox 580 872 707 948; x_wconf 77' lang='lat' dir='ltr'>Rath·</span> 
     </span>
    </p>
   </div>
   <div class='ocr_carea' id='block_1_3' title="bbox 201 1111 1772 3229">
    <p class='ocr_par' dir='ltr' id='par_1_3' title="bbox 201 1111 1772 3229">
     <span class='ocr_line' id='line_1_3' title="bbox 201 1111 1771 1240; baseline -0.001 -22"><span class='ocrx_word' id='word_1_8' title='bbox 201 1145 245 1218; x_wconf 79' lang='lat' dir='ltr'>eo</span> <span class='ocrx_word' id='word_1_9' title='bbox 264 1111 463 1214; x_wconf 62' lang='lat' dir='ltr'>Ronanus</span> <span class='ocrx_word' id='word_1_10' title='bbox 484 1164 605 1214; x_wconf 65' lang='lat' dir='ltr'>some</span> <span class='ocrx_word' id='word_1_11' title='bbox 624 1138 670 1214; x_wconf 75' lang='lat' dir='ltr'>ue</span> <span class='ocrx_word' id='word_1_12' title='bbox 688 1136 902 1238; x_wconf 78' lang='lat' dir='ltr'>stratheryn</span> <span class='ocrx_word' id='word_1_13' title='bbox 924 1136 1090 1214; x_wconf 82' lang='lat' dir='ltr'>omnibus</span> <span class='ocrx_word' id='word_1_14' title='bbox 1111 1137 1180 1214; x_wconf 82' lang='lat' dir='ltr'>hoe</span> <span class='ocrx_word' id='word_1_15' title='bbox 1203 1138 1372 1240; x_wconf 79' lang='lat' dir='ltr'>seriptum</span> <span class='ocrx_word' id='word_1_16' title='bbox 1387 1138 1510 1215; x_wconf 69' lang='lat' dir='ltr'>usuris</span> <span class='ocrx_word' id='word_1_17' title='bbox 1526 1139 1583 1216; x_wconf 68' lang='lat' dir='ltr'>vu</span> <span class='ocrx_word' id='word_1_18' title='bbox 1598 1141 1771 1217; x_wconf 72' lang='lat' dir='ltr'>auuturs</span> 
     </span>
     <span class='ocr_line' id='line_1_4' title="bbox 259 1272 1772 1375; baseline 0.002 -28"><span class='ocrx_word' id='word_1_19' title='bbox 259 1273 409 1350; x_wconf 80' lang='lat' dir='ltr'>salntem</span> <span class='ocrx_word' id='word_1_20' title='bbox 436 1313 447 1337; x_wconf 93' lang='lat'><strong>·</strong></span> <span class='ocrx_word' id='word_1_21' title='bbox 479 1273 605 1352; x_wconf 77' lang='lat' dir='ltr'>Sciant</span> <span class='ocrx_word' id='word_1_22' title='bbox 628 1275 807 1375; x_wconf 77' lang='lat' dir='ltr'>presentes</span> <span class='ocrx_word' id='word_1_23' title='bbox 829 1286 867 1348; x_wconf 87' lang='lat' dir='ltr'>et</span> <span class='ocrx_word' id='word_1_24' title='bbox 889 1272 1000 1347; x_wconf 80' lang='lat' dir='ltr'>futuri</span> <span class='ocrx_word' id='word_1_25' title='bbox 1021 1298 1080 1346; x_wconf 91' lang='lat' dir='ltr'>me</span> <span class='ocrx_word' id='word_1_26' title='bbox 1100 1273 1231 1348; x_wconf 83' lang='lat' dir='ltr'>dediffe</span> <span class='ocrx_word' id='word_1_27' title='bbox 1251 1287 1289 1349; x_wconf 87' lang='lat' dir='ltr'>et</span> <span class='ocrx_word' id='word_1_28' title='bbox 1308 1273 1501 1348; x_wconf 83' lang='lat' dir='ltr'>eonceffiffe</span> <span class='ocrx_word' id='word_1_29' title='bbox 1523 1287 1560 1349; x_wconf 92' lang='lat' dir='ltr'>et</span> <span class='ocrx_word' id='word_1_30' title='bbox 1582 1273 1650 1350; x_wconf 83' lang='lat' dir='ltr'>hee</span> <span class='ocrx_word' id='word_1_31' title='bbox 1674 1289 1772 1350; x_wconf 80' lang='lat' dir='ltr'>certa</span> 
     </span>
     <span class='ocr_line' id='line_1_5' title="bbox 261 1403 1769 1509; baseline 0.001 -27"><span class='ocrx_word' id='word_1_32' title='bbox 261 1433 343 1483; x_wconf 78' lang='lat' dir='ltr'>mee</span> <span class='ocrx_word' id='word_1_33' title='bbox 353 1407 572 1484; x_wconf 81' lang='lat' dir='ltr'>eenflrmnfl&#39;e</span> <span class='ocrx_word' id='word_1_34' title='bbox 585 1407 668 1483; x_wconf 90' lang='lat' dir='ltr'>Deo</span> <span class='ocrx_word' id='word_1_35' title='bbox 683 1420 720 1482; x_wconf 90' lang='lat' dir='ltr'>et</span> <span class='ocrx_word' id='word_1_36' title='bbox 735 1406 840 1482; x_wconf 77' lang='lat' dir='ltr'>beate</span> <span class='ocrx_word' id='word_1_37' title='bbox 852 1403 970 1504; x_wconf 60' lang='lat' dir='ltr'>marie</span> <span class='ocrx_word' id='word_1_38' title='bbox 987 1419 1023 1480; x_wconf 80' lang='lat' dir='ltr'>et</span> <span class='ocrx_word' id='word_1_39' title='bbox 1039 1406 1145 1481; x_wconf 85' lang='lat' dir='ltr'>bento</span> <span class='ocrx_word' id='word_1_40' title='bbox 1156 1405 1180 1480; x_wconf 91' lang='lat' dir='ltr'>J</span> <span class='ocrx_word' id='word_1_41' title='bbox 1181 1404 1315 1481; x_wconf 84' lang='lat' dir='ltr'>ehenni</span> <span class='ocrx_word' id='word_1_42' title='bbox 1331 1406 1488 1508; x_wconf 79' lang='lat' dir='ltr'>apostolo</span> <span class='ocrx_word' id='word_1_43' title='bbox 1504 1421 1541 1482; x_wconf 85' lang='lat' dir='ltr'>et</span> <span class='ocrx_word' id='word_1_44' title='bbox 1557 1407 1769 1509; x_wconf 77' lang='lat' dir='ltr'>euangeliste</span> 
     </span>
     <span class='ocr_line' id='line_1_6' title="bbox 259 1538 1768 1625; baseline 0.001 -11"><span class='ocrx_word' id='word_1_45' title='bbox 259 1541 306 1614; x_wconf 90' lang='lat' dir='ltr'>de</span> <span class='ocrx_word' id='word_1_46' title='bbox 322 1540 445 1616; x_wconf 71' lang='lat' dir='ltr'>Insula</span> <span class='ocrx_word' id='word_1_47' title='bbox 459 1541 645 1625; x_wconf 62' lang='lat' dir='ltr'>miffarum</span> <span class='ocrx_word' id='word_1_48' title='bbox 660 1553 698 1616; x_wconf 94' lang='lat' dir='ltr'>et</span> <span class='ocrx_word' id='word_1_49' title='bbox 713 1539 835 1615; x_wconf 78' lang='lat' dir='ltr'>abbati</span> <span class='ocrx_word' id='word_1_50' title='bbox 854 1552 891 1614; x_wconf 87' lang='lat' dir='ltr'>et</span> <span class='ocrx_word' id='word_1_51' title='bbox 908 1539 1087 1614; x_wconf 76' lang='lat' dir='ltr'>canonicis</span> <span class='ocrx_word' id='word_1_52' title='bbox 1103 1538 1237 1614; x_wconf 86' lang='lat' dir='ltr'>ibidem</span> <span class='ocrx_word' id='word_1_53' title='bbox 1253 1538 1335 1614; x_wconf 89' lang='lat' dir='ltr'>Deo</span> <span class='ocrx_word' id='word_1_54' title='bbox 1356 1540 1590 1618; x_wconf 82' lang='lat' dir='ltr'>semientibus</span> <span class='ocrx_word' id='word_1_55' title='bbox 1606 1557 1644 1617; x_wconf 84' lang='lat' dir='ltr'>et</span> <span class='ocrx_word' id='word_1_56' title='bbox 1659 1543 1768 1618; x_wconf 88' lang='lat' dir='ltr'>serui-</span> 
     </span>
     <span class='ocr_line' id='line_1_7' title="bbox 259 1671 1768 1774; baseline 0.001 -26"><span class='ocrx_word' id='word_1_57' title='bbox 259 1674 348 1748; x_wconf 88' lang='lat' dir='ltr'>turis</span> <span class='ocrx_word' id='word_1_58' title='bbox 373 1671 411 1748; x_wconf 90' lang='lat' dir='ltr'>in</span> <span class='ocrx_word' id='word_1_59' title='bbox 436 1700 564 1774; x_wconf 82' lang='lat' dir='ltr'>purum</span> <span class='ocrx_word' id='word_1_60' title='bbox 588 1689 626 1750; x_wconf 85' lang='lat' dir='ltr'>et</span> <span class='ocrx_word' id='word_1_61' title='bbox 650 1686 864 1774; x_wconf 79' lang='lat' dir='ltr'>perpetuam</span> <span class='ocrx_word' id='word_1_62' title='bbox 886 1671 1109 1748; x_wconf 78' lang='lat' dir='ltr'>elemofinunr</span> <span class='ocrx_word' id='word_1_63' title='bbox 1134 1685 1264 1746; x_wconf 85' lang='lat' dir='ltr'>terrum</span> <span class='ocrx_word' id='word_1_64' title='bbox 1285 1698 1355 1770; x_wconf 92' lang='lat' dir='ltr'>que</span> <span class='ocrx_word' id='word_1_65' title='bbox 1372 1671 1503 1747; x_wconf 88' lang='lat' dir='ltr'>dicitur</span> <span class='ocrx_word' id='word_1_66' title='bbox 1520 1673 1621 1748; x_wconf 81' lang='lat' dir='ltr'>Rath</span> <span class='ocrx_word' id='word_1_67' title='bbox 1640 1673 1768 1750; x_wconf 81' lang='lat' dir='ltr'>scilieet</span> 
     </span>
     <span class='ocr_line' id='line_1_8' title="bbox 257 1803 1766 1907; baseline -0.001 -25"><span class='ocrx_word' id='word_1_68' title='bbox 257 1819 422 1904; x_wconf 75' lang='lat' dir='ltr'>quartam</span> <span class='ocrx_word' id='word_1_69' title='bbox 447 1819 586 1907; x_wconf 82' lang='lat' dir='ltr'>partem</span> <span class='ocrx_word' id='word_1_70' title='bbox 611 1805 720 1882; x_wconf 85' lang='lat' dir='ltr'>totius</span> <span class='ocrx_word' id='word_1_71' title='bbox 743 1803 948 1905; x_wconf 69' lang='lat' dir='ltr'>Dunfallyn</span> <span class='ocrx_word' id='word_1_72' title='bbox 968 1830 1049 1879; x_wconf 86' lang='lat' dir='ltr'>eum</span> <span class='ocrx_word' id='word_1_73' title='bbox 1073 1804 1238 1878; x_wconf 89' lang='lat' dir='ltr'>omnibus</span> <span class='ocrx_word' id='word_1_74' title='bbox 1258 1804 1363 1903; x_wconf 86' lang='lat' dir='ltr'>justis</span> <span class='ocrx_word' id='word_1_75' title='bbox 1388 1803 1612 1904; x_wconf 86' lang='lat' dir='ltr'>pertinentijs</span> <span class='ocrx_word' id='word_1_76' title='bbox 1636 1805 1706 1882; x_wconf 90' lang='lat' dir='ltr'>suis</span> <span class='ocrx_word' id='word_1_77' title='bbox 1729 1808 1766 1880; x_wconf 90' lang='lat' dir='ltr'>in</span> 
     </span>
     <span class='ocr_line' id='line_1_9' title="bbox 257 1935 1766 2040; baseline 0 -26"><span class='ocrx_word' id='word_1_78' title='bbox 257 1940 360 2015; x_wconf 82' lang='lat' dir='ltr'>besee</span> <span class='ocrx_word' id='word_1_79' title='bbox 376 1953 413 2014; x_wconf 88' lang='lat' dir='ltr'>et</span> <span class='ocrx_word' id='word_1_80' title='bbox 428 1937 536 2040; x_wconf 81' lang='lat' dir='ltr'>pleno</span> <span class='ocrx_word' id='word_1_81' title='bbox 552 1940 592 2014; x_wconf 90' lang='lat' dir='ltr'>in</span> <span class='ocrx_word' id='word_1_82' title='bbox 607 1939 720 2039; x_wconf 84' lang='lat' dir='ltr'>pratis</span> <span class='ocrx_word' id='word_1_83' title='bbox 738 1953 775 2014; x_wconf 84' lang='lat' dir='ltr'>et</span> <span class='ocrx_word' id='word_1_84' title='bbox 791 1937 926 2040; x_wconf 79' lang='lat' dir='ltr'>pascuis</span> <span class='ocrx_word' id='word_1_85' title='bbox 943 1938 982 2012; x_wconf 93' lang='lat' dir='ltr'>in</span> <span class='ocrx_word' id='word_1_86' title='bbox 996 1937 1106 2014; x_wconf 83' lang='lat' dir='ltr'>moris</span> <span class='ocrx_word' id='word_1_87' title='bbox 1119 1951 1155 2012; x_wconf 85' lang='lat' dir='ltr'>et</span> <span class='ocrx_word' id='word_1_88' title='bbox 1168 1937 1321 2037; x_wconf 84' lang='lat' dir='ltr'>marefijs</span> <span class='ocrx_word' id='word_1_89' title='bbox 1335 1936 1372 2010; x_wconf 92' lang='lat' dir='ltr'>in</span> <span class='ocrx_word' id='word_1_90' title='bbox 1383 1937 1484 2036; x_wconf 86' lang='lat' dir='ltr'>aquis</span> <span class='ocrx_word' id='word_1_91' title='bbox 1501 1951 1537 2013; x_wconf 84' lang='lat' dir='ltr'>et</span> <span class='ocrx_word' id='word_1_92' title='bbox 1553 1935 1766 2014; x_wconf 78' lang='lat' dir='ltr'>molendinis</span> 
     </span>
     <span class='ocr_line' id='line_1_10' title="bbox 257 2068 1765 2172; baseline 0 -25"><span class='ocrx_word' id='word_1_93' title='bbox 257 2086 294 2148; x_wconf 90' lang='lat' dir='ltr'>et</span> <span class='ocrx_word' id='word_1_94' title='bbox 322 2097 406 2147; x_wconf 83' lang='lat' dir='ltr'>uum</span> <span class='ocrx_word' id='word_1_95' title='bbox 433 2071 616 2147; x_wconf 86' lang='lat' dir='ltr'>eommuni</span> <span class='ocrx_word' id='word_1_96' title='bbox 640 2072 782 2172; x_wconf 78' lang='lat' dir='ltr'>pastura</span> <span class='ocrx_word' id='word_1_97' title='bbox 803 2085 841 2147; x_wconf 89' lang='lat' dir='ltr'>et</span> <span class='ocrx_word' id='word_1_98' title='bbox 863 2069 1028 2146; x_wconf 86' lang='lat' dir='ltr'>omnibus</span> <span class='ocrx_word' id='word_1_99' title='bbox 1057 2068 1134 2144; x_wconf 75' lang='lat' dir='ltr'>aliis</span> <span class='ocrx_word' id='word_1_100' title='bbox 1164 2069 1411 2144; x_wconf 88' lang='lat' dir='ltr'>communibus</span> <span class='ocrx_word' id='word_1_101' title='bbox 1440 2071 1662 2169; x_wconf 83' lang='lat' dir='ltr'>ayfiementis</span> <span class='ocrx_word' id='word_1_102' title='bbox 1691 2087 1765 2147; x_wconf 88' lang='lat' dir='ltr'>ter-</span> 
     </span>
     <span class='ocr_line' id='line_1_11' title="bbox 256 2202 1764 2305; baseline 0 -25"><span class='ocrx_word' id='word_1_103' title='bbox 256 2231 376 2280; x_wconf 80' lang='lat' dir='ltr'>rarum</span> <span class='ocrx_word' id='word_1_104' title='bbox 391 2231 553 2282; x_wconf 79' lang='lat' dir='ltr'>mearum</span> <span class='ocrx_word' id='word_1_105' title='bbox 569 2205 816 2305; x_wconf 81' lang='lat' dir='ltr'>prenominate</span> <span class='ocrx_word' id='word_1_106' title='bbox 833 2218 925 2278; x_wconf 87' lang='lat' dir='ltr'>terre</span> <span class='ocrx_word' id='word_1_107' title='bbox 941 2203 1138 2278; x_wconf 78' lang='lat' dir='ltr'>vicinarum</span> <span class='ocrx_word' id='word_1_108' title='bbox 1154 2245 1162 2262; x_wconf 93' lang='lat'><strong>·</strong></span> <span class='ocrx_word' id='word_1_109' title='bbox 1177 2203 1388 2278; x_wconf 75' lang='lat' dir='ltr'>Tenendum</span> <span class='ocrx_word' id='word_1_110' title='bbox 1399 2203 1444 2277; x_wconf 93' lang='lat' dir='ltr'>de</span> <span class='ocrx_word' id='word_1_111' title='bbox 1456 2228 1515 2277; x_wconf 90' lang='lat' dir='ltr'>me</span> <span class='ocrx_word' id='word_1_112' title='bbox 1527 2217 1564 2278; x_wconf 89' lang='lat' dir='ltr'>et</span> <span class='ocrx_word' id='word_1_113' title='bbox 1576 2202 1764 2280; x_wconf 81' lang='lat' dir='ltr'>heredibus</span> 
     </span>
     <span class='ocr_line' id='line_1_12' title="bbox 255 2334 1763 2436; baseline 0 -24"><span class='ocrx_word' id='word_1_114' title='bbox 255 2337 344 2414; x_wconf 89' lang='lat' dir='ltr'>meis</span> <span class='ocrx_word' id='word_1_115' title='bbox 360 2337 469 2413; x_wconf 84' lang='lat' dir='ltr'>libere</span> <span class='ocrx_word' id='word_1_116' title='bbox 482 2351 519 2412; x_wconf 90' lang='lat' dir='ltr'>et</span> <span class='ocrx_word' id='word_1_117' title='bbox 531 2338 651 2436; x_wconf 86' lang='lat' dir='ltr'>quiete</span> <span class='ocrx_word' id='word_1_118' title='bbox 663 2338 709 2413; x_wconf 83' lang='lat' dir='ltr'>ab</span> <span class='ocrx_word' id='word_1_119' title='bbox 722 2336 820 2412; x_wconf 90' lang='lat' dir='ltr'>omni</span> <span class='ocrx_word' id='word_1_120' title='bbox 832 2335 975 2413; x_wconf 83' lang='lat' dir='ltr'>semicio</span> <span class='ocrx_word' id='word_1_121' title='bbox 989 2350 1026 2410; x_wconf 89' lang='lat' dir='ltr'>et</span> <span class='ocrx_word' id='word_1_122' title='bbox 1037 2335 1218 2411; x_wconf 72' lang='lat' dir='ltr'>erudiens</span> <span class='ocrx_word' id='word_1_123' title='bbox 1230 2334 1374 2410; x_wconf 77' lang='lat' dir='ltr'>feudati</span> <span class='ocrx_word' id='word_1_124' title='bbox 1384 2349 1533 2434; x_wconf 76' lang='lat' dir='ltr'>excepto</span> <span class='ocrx_word' id='word_1_125' title='bbox 1545 2335 1763 2412; x_wconf 89' lang='lat' dir='ltr'>solummodo</span> 
     </span>
     <span class='ocr_line' id='line_1_13' title="bbox 255 2468 1763 2572; baseline -0.001 -26"><span class='ocrx_word' id='word_1_126' title='bbox 255 2469 388 2546; x_wconf 71' lang='lat' dir='ltr'>auxilio</span> <span class='ocrx_word' id='word_1_127' title='bbox 410 2470 545 2547; x_wconf 90' lang='lat' dir='ltr'>domini</span> <span class='ocrx_word' id='word_1_128' title='bbox 570 2470 664 2572; x_wconf 81' lang='lat' dir='ltr'>regis</span> <span class='ocrx_word' id='word_1_129' title='bbox 688 2471 833 2570; x_wconf 81' lang='lat' dir='ltr'>quando</span> <span class='ocrx_word' id='word_1_130' title='bbox 858 2468 987 2546; x_wconf 79' lang='lat' dir='ltr'>seilicet</span> <span class='ocrx_word' id='word_1_131' title='bbox 1008 2469 1081 2570; x_wconf 83' lang='lat' dir='ltr'>ipse</span> <span class='ocrx_word' id='word_1_132' title='bbox 1100 2469 1267 2544; x_wconf 90' lang='lat' dir='ltr'>dominus</span> <span class='ocrx_word' id='word_1_133' title='bbox 1284 2469 1365 2544; x_wconf 83' lang='lat' dir='ltr'>Rex</span> <span class='ocrx_word' id='word_1_134' title='bbox 1386 2493 1572 2544; x_wconf 78' lang='lat' dir='ltr'>commune</span> <span class='ocrx_word' id='word_1_135' title='bbox 1591 2469 1763 2546; x_wconf 82' lang='lat' dir='ltr'>auxilium</span> 
     </span>
     <span class='ocr_line' id='line_1_14' title="bbox 253 2601 1762 2704; baseline 0.001 -27"><span class='ocrx_word' id='word_1_136' title='bbox 253 2603 357 2704; x_wconf 83' lang='lat' dir='ltr'>super</span> <span class='ocrx_word' id='word_1_137' title='bbox 380 2616 497 2678; x_wconf 88' lang='lat' dir='ltr'>totum</span> <span class='ocrx_word' id='word_1_138' title='bbox 525 2629 676 2702; x_wconf 82' lang='lat' dir='ltr'>regnum</span> <span class='ocrx_word' id='word_1_139' title='bbox 705 2603 859 2704; x_wconf 79' lang='lat' dir='ltr'>posuerit</span> <span class='ocrx_word' id='word_1_140' title='bbox 888 2629 955 2704; x_wconf 81' lang='lat' dir='ltr'>ego</span> <span class='ocrx_word' id='word_1_141' title='bbox 981 2627 1066 2677; x_wconf 85' lang='lat' dir='ltr'>vero</span> <span class='ocrx_word' id='word_1_142' title='bbox 1095 2615 1132 2676; x_wconf 93' lang='lat' dir='ltr'>et</span> <span class='ocrx_word' id='word_1_143' title='bbox 1165 2601 1316 2678; x_wconf 87' lang='lat' dir='ltr'>heredes</span> <span class='ocrx_word' id='word_1_144' title='bbox 1344 2601 1415 2677; x_wconf 92' lang='lat' dir='ltr'>mei</span> <span class='ocrx_word' id='word_1_145' title='bbox 1443 2615 1559 2676; x_wconf 90' lang='lat' dir='ltr'>totum</span> <span class='ocrx_word' id='word_1_146' title='bbox 1587 2601 1762 2702; x_wconf 89' lang='lat' dir='ltr'>reliquum</span> 
     </span>
     <span class='ocr_line' id='line_1_15' title="bbox 251 2733 1762 2834; baseline 0.003 -28"><span class='ocrx_word' id='word_1_147' title='bbox 251 2735 459 2810; x_wconf 78' lang='lat' dir='ltr'>forinsecum</span> <span class='ocrx_word' id='word_1_148' title='bbox 481 2733 667 2810; x_wconf 86' lang='lat' dir='ltr'>seruieium</span> <span class='ocrx_word' id='word_1_149' title='bbox 690 2734 827 2809; x_wconf 89' lang='lat' dir='ltr'>domini</span> <span class='ocrx_word' id='word_1_150' title='bbox 844 2735 955 2834; x_wconf 79' lang='lat' dir='ltr'>Regis</span> <span class='ocrx_word' id='word_1_151' title='bbox 977 2734 1074 2833; x_wconf 90' lang='lat' dir='ltr'>quod</span> <span class='ocrx_word' id='word_1_152' title='bbox 1095 2733 1144 2808; x_wconf 81' lang='lat' dir='ltr'>nd</span> <span class='ocrx_word' id='word_1_153' title='bbox 1166 2733 1262 2808; x_wconf 82' lang='lat' dir='ltr'>illam</span> <span class='ocrx_word' id='word_1_154' title='bbox 1286 2748 1417 2809; x_wconf 80' lang='lat' dir='ltr'>terram</span> <span class='ocrx_word' id='word_1_155' title='bbox 1442 2733 1598 2834; x_wconf 81' lang='lat' dir='ltr'>pertinet</span> <span class='ocrx_word' id='word_1_156' title='bbox 1622 2759 1687 2833; x_wconf 90' lang='lat' dir='ltr'>pro</span> <span class='ocrx_word' id='word_1_157' title='bbox 1712 2736 1762 2810; x_wconf 89' lang='lat' dir='ltr'>eis</span> 
     </span>
     <span class='ocr_line' id='line_1_16' title="bbox 252 2865 1760 2968; baseline 0 -26"><span class='ocrx_word' id='word_1_158' title='bbox 252 2879 424 2968; x_wconf 85' lang='lat' dir='ltr'>perpetuo</span> <span class='ocrx_word' id='word_1_159' title='bbox 440 2866 610 2942; x_wconf 76' lang='lat' dir='ltr'>faciemus</span> <span class='ocrx_word' id='word_1_160' title='bbox 629 2909 638 2926; x_wconf 91' lang='lat'><strong>·</strong></span> <span class='ocrx_word' id='word_1_161' title='bbox 658 2867 741 2967; x_wconf 89' lang='lat' dir='ltr'>Hijs</span> <span class='ocrx_word' id='word_1_162' title='bbox 757 2867 904 2942; x_wconf 86' lang='lat' dir='ltr'>testibus</span> <span class='ocrx_word' id='word_1_163' title='bbox 918 2911 927 2926; x_wconf 92' lang='lat'><strong>·</strong></span> <span class='ocrx_word' id='word_1_164' title='bbox 946 2867 1129 2941; x_wconf 80' lang='lat' dir='ltr'>Abbreem</span> <span class='ocrx_word' id='word_1_165' title='bbox 1145 2865 1391 2941; x_wconf 83' lang='lat' dir='ltr'>Dunblanenfi</span> <span class='ocrx_word' id='word_1_166' title='bbox 1408 2865 1571 2967; x_wconf 81' lang='lat' dir='ltr'>episeopo</span> <span class='ocrx_word' id='word_1_167' title='bbox 1589 2907 1598 2926; x_wconf 91' lang='lat'><strong>·</strong></span> <span class='ocrx_word' id='word_1_168' title='bbox 1616 2868 1760 2943; x_wconf 90' lang='lat' dir='ltr'>domino</span> 
     </span>
     <span class='ocr_line' id='line_1_17' title="bbox 252 2996 1759 3100; baseline 0.002 -27"><span class='ocrx_word' id='word_1_169' title='bbox 252 2997 418 3100; x_wconf 83' lang='lat' dir='ltr'>Fergufio</span> <span class='ocrx_word' id='word_1_170' title='bbox 442 3012 480 3074; x_wconf 91' lang='lat' dir='ltr'>et</span> <span class='ocrx_word' id='word_1_171' title='bbox 503 2998 641 3081; x_wconf 67' lang='lat' dir='ltr'>mulino</span> <span class='ocrx_word' id='word_1_172' title='bbox 664 2999 833 3074; x_wconf 79' lang='lat' dir='ltr'>frutribus</span> <span class='ocrx_word' id='word_1_173' title='bbox 852 2997 942 3074; x_wconf 85' lang='lat' dir='ltr'>meis</span> <span class='ocrx_word' id='word_1_174' title='bbox 969 3041 978 3058; x_wconf 94' lang='lat'><strong>·</strong></span> <span class='ocrx_word' id='word_1_175' title='bbox 1005 2997 1044 3074; x_wconf 80' lang='lat' dir='ltr'>G</span> <span class='ocrx_word' id='word_1_176' title='bbox 1070 3038 1079 3059; x_wconf 93' lang='lat'><strong>·</strong></span> <span class='ocrx_word' id='word_1_177' title='bbox 1106 2997 1355 3072; x_wconf 78' lang='lat' dir='ltr'>archidiacono</span> <span class='ocrx_word' id='word_1_178' title='bbox 1381 3039 1391 3059; x_wconf 91' lang='lat'><strong>·</strong></span> <span class='ocrx_word' id='word_1_179' title='bbox 1417 2996 1555 3080; x_wconf 53' lang='lat' dir='ltr'>&amp;elifio</span> <span class='ocrx_word' id='word_1_180' title='bbox 1578 2998 1759 3076; x_wconf 81' lang='lat' dir='ltr'>senescallo</span> 
     </span>
     <span class='ocr_line' id='line_1_18' title="bbox 251 3125 1002 3229; baseline -0.003 -25"><span class='ocrx_word' id='word_1_181' title='bbox 251 3155 330 3206; x_wconf 77' lang='lat' dir='ltr'>meo</span> <span class='ocrx_word' id='word_1_182' title='bbox 349 3173 358 3192; x_wconf 87' lang='lat'><strong>·</strong></span> <span class='ocrx_word' id='word_1_183' title='bbox 376 3125 556 3213; x_wconf 75' lang='lat' dir='ltr'>oeukbetli&#39;</span> <span class='ocrx_word' id='word_1_184' title='bbox 566 3129 689 3229; x_wconf 80' lang='lat' dir='ltr'>judice</span> <span class='ocrx_word' id='word_1_185' title='bbox 705 3145 745 3205; x_wconf 83' lang='lat' dir='ltr'>et</span> <span class='ocrx_word' id='word_1_186' title='bbox 760 3128 882 3203; x_wconf 80' lang='lat' dir='ltr'>multis</span> <span class='ocrx_word' id='word_1_187' title='bbox 897 3128 975 3229; x_wconf 73' lang='lat' dir='ltr'>alijs</span> <span class='ocrx_word' id='word_1_188' title='bbox 993 3172 1002 3188; x_wconf 90' lang='lat'><strong>·</strong></span> 
     </span>
    </p>
   </div>
   <div class='ocr_carea' id='block_1_4' title="bbox 254 3500 1737 3628">
    <p class='ocr_par' dir='ltr' id='par_1_4' title="bbox 254 3500 1737 3628">
     <span class='ocr_line' id='line_1_19' title="bbox 254 3500 1737 3628; baseline -0.001 -25"><span class='ocrx_word' id='word_1_189' title='bbox 254 3500 375 3603; x_wconf 71' lang='lat' dir='ltr'>Casu</span> <span class='ocrx_word' id='word_1_190' title='bbox 391 3527 542 3603; x_wconf 86' lang='lat' dir='ltr'>Roberti</span> <span class='ocrx_word' id='word_1_191' title='bbox 558 3527 604 3602; x_wconf 90' lang='lat' dir='ltr'>de</span> <span class='ocrx_word' id='word_1_192' title='bbox 620 3524 771 3607; x_wconf 68' lang='lat' dir='ltr'>(liskfen</span> <span class='ocrx_word' id='word_1_193' title='bbox 789 3526 834 3601; x_wconf 88' lang='lat' dir='ltr'>de</span> <span class='ocrx_word' id='word_1_194' title='bbox 850 3526 991 3601; x_wconf 86' lang='lat' dir='ltr'>duobus</span> <span class='ocrx_word' id='word_1_195' title='bbox 1009 3524 1107 3600; x_wconf 79' lang='lat' dir='ltr'>tostis</span> <span class='ocrx_word' id='word_1_196' title='bbox 1125 3537 1161 3606; x_wconf 84' lang='lat' dir='ltr'>et</span> <span class='ocrx_word' id='word_1_197' title='bbox 1177 3538 1331 3621; x_wconf 84' lang='lat' dir='ltr'>quatuor</span> <span class='ocrx_word' id='word_1_198' title='bbox 1347 3525 1436 3600; x_wconf 80' lang='lat' dir='ltr'>aeris</span> <span class='ocrx_word' id='word_1_199' title='bbox 1452 3527 1498 3602; x_wconf 92' lang='lat' dir='ltr'>de</span> <span class='ocrx_word' id='word_1_200' title='bbox 1515 3525 1709 3628; x_wconf 84' lang='lat' dir='ltr'>Dolpatrik</span> <span class='ocrx_word' id='word_1_201' title='bbox 1729 3571 1737 3588; x_wconf 92' lang='lat'><strong>·</strong></span> 
     </span>
    </p>
   </div>
   <div class='ocr_carea' id='block_1_5' title="bbox 189 3767 1752 4690">
    <p class='ocr_par' dir='ltr' id='par_1_5' title="bbox 189 3767 1752 4690">
     <span class='ocr_line' id='line_1_20' title="bbox 189 3767 1752 3891; baseline 0.001 -22"><span class='ocrx_word' id='word_1_202' title='bbox 189 3793 232 3870; x_wconf 82' lang='lat'>61</span> <span class='ocrx_word' id='word_1_203' title='bbox 252 3767 444 3870; x_wconf 75' lang='lat' dir='ltr'>Omnibus</span> <span class='ocrx_word' id='word_1_204' title='bbox 465 3793 579 3868; x_wconf 74' lang='lat' dir='ltr'>sende</span> <span class='ocrx_word' id='word_1_205' title='bbox 600 3792 724 3877; x_wconf 74' lang='lat' dir='ltr'>metris</span> <span class='ocrx_word' id='word_1_206' title='bbox 746 3791 886 3867; x_wconf 82' lang='lat' dir='ltr'>ecelefie</span> <span class='ocrx_word' id='word_1_207' title='bbox 907 3789 989 3866; x_wconf 88' lang='lat' dir='ltr'>filiis</span> <span class='ocrx_word' id='word_1_208' title='bbox 1010 3791 1151 3891; x_wconf 86' lang='lat' dir='ltr'>prefens</span> <span class='ocrx_word' id='word_1_209' title='bbox 1172 3787 1340 3889; x_wconf 82' lang='lat' dir='ltr'>seriptum</span> <span class='ocrx_word' id='word_1_210' title='bbox 1357 3790 1479 3866; x_wconf 85' lang='lat' dir='ltr'>visuris</span> <span class='ocrx_word' id='word_1_211' title='bbox 1501 3790 1557 3868; x_wconf 82' lang='lat' dir='ltr'>vel</span> <span class='ocrx_word' id='word_1_212' title='bbox 1578 3793 1752 3870; x_wconf 83' lang='lat' dir='ltr'>audituris</span> 
     </span>
     <span class='ocr_line' id='line_1_21' title="bbox 249 3922 1752 4024; baseline 0 -22"><span class='ocrx_word' id='word_1_213' title='bbox 249 3925 429 4002; x_wconf 83' lang='lat' dir='ltr'>Robertus</span> <span class='ocrx_word' id='word_1_214' title='bbox 446 3925 492 4000; x_wconf 93' lang='lat' dir='ltr'>de</span> <span class='ocrx_word' id='word_1_215' title='bbox 508 3924 658 4008; x_wconf 69' lang='lat' dir='ltr'>metten</span> <span class='ocrx_word' id='word_1_216' title='bbox 673 3922 821 3999; x_wconf 81' lang='lat' dir='ltr'>sulutem</span> <span class='ocrx_word' id='word_1_217' title='bbox 845 3965 854 3982; x_wconf 92' lang='lat'><strong>·</strong></span> <span class='ocrx_word' id='word_1_218' title='bbox 880 3922 1004 3998; x_wconf 85' lang='lat' dir='ltr'>Seinnt</span> <span class='ocrx_word' id='word_1_219' title='bbox 1019 3922 1200 4024; x_wconf 75' lang='lat' dir='ltr'>presentes</span> <span class='ocrx_word' id='word_1_220' title='bbox 1217 3935 1254 3998; x_wconf 86' lang='lat' dir='ltr'>et</span> <span class='ocrx_word' id='word_1_221' title='bbox 1269 3923 1382 3998; x_wconf 84' lang='lat' dir='ltr'>futuri</span> <span class='ocrx_word' id='word_1_222' title='bbox 1397 3949 1456 3998; x_wconf 89' lang='lat' dir='ltr'>me</span> <span class='ocrx_word' id='word_1_223' title='bbox 1473 3949 1519 4000; x_wconf 86' lang='lat' dir='ltr'>ex</span> <span class='ocrx_word' id='word_1_224' title='bbox 1535 3925 1668 4000; x_wconf 83' lang='lat' dir='ltr'>affensu</span> <span class='ocrx_word' id='word_1_225' title='bbox 1685 3927 1752 4004; x_wconf 88' lang='lat' dir='ltr'>do-</span> 
     </span>
     <span class='ocr_line' id='line_1_22' title="bbox 247 4054 1750 4136; baseline 0.003 -4"><span class='ocrx_word' id='word_1_226' title='bbox 247 4055 344 4134; x_wconf 90' lang='lat' dir='ltr'>mine</span> <span class='ocrx_word' id='word_1_227' title='bbox 362 4057 485 4134; x_wconf 84' lang='lat' dir='ltr'>Seline</span> <span class='ocrx_word' id='word_1_228' title='bbox 500 4057 619 4131; x_wconf 84' lang='lat' dir='ltr'>vxoris</span> <span class='ocrx_word' id='word_1_229' title='bbox 641 4081 721 4131; x_wconf 86' lang='lat' dir='ltr'>mee</span> <span class='ocrx_word' id='word_1_230' title='bbox 737 4071 774 4132; x_wconf 87' lang='lat' dir='ltr'>et</span> <span class='ocrx_word' id='word_1_231' title='bbox 789 4054 981 4130; x_wconf 83' lang='lat' dir='ltr'>liberorum</span> <span class='ocrx_word' id='word_1_232' title='bbox 1003 4057 1202 4129; x_wconf 86' lang='lat' dir='ltr'>nestrorum</span> <span class='ocrx_word' id='word_1_233' title='bbox 1220 4055 1350 4131; x_wconf 81' lang='lat' dir='ltr'>dediffe</span> <span class='ocrx_word' id='word_1_234' title='bbox 1367 4071 1403 4132; x_wconf 85' lang='lat' dir='ltr'>et</span> <span class='ocrx_word' id='word_1_235' title='bbox 1420 4057 1613 4134; x_wconf 77' lang='lat' dir='ltr'>eonceffifi&#39;e</span> <span class='ocrx_word' id='word_1_236' title='bbox 1630 4072 1666 4134; x_wconf 86' lang='lat' dir='ltr'>et</span> <span class='ocrx_word' id='word_1_237' title='bbox 1683 4059 1750 4136; x_wconf 81' lang='lat' dir='ltr'>hee</span> 
     </span>
     <span class='ocr_line' id='line_1_23' title="bbox 247 4186 1748 4288; baseline 0 -22"><span class='ocrx_word' id='word_1_238' title='bbox 247 4205 344 4266; x_wconf 72' lang='lat' dir='ltr'>tarta</span> <span class='ocrx_word' id='word_1_239' title='bbox 359 4215 440 4265; x_wconf 82' lang='lat' dir='ltr'>mee</span> <span class='ocrx_word' id='word_1_240' title='bbox 455 4189 672 4264; x_wconf 81' lang='lat' dir='ltr'>eonfirmnfl&#39;e</span> <span class='ocrx_word' id='word_1_241' title='bbox 682 4187 766 4264; x_wconf 88' lang='lat' dir='ltr'>Deo</span> <span class='ocrx_word' id='word_1_242' title='bbox 783 4202 821 4264; x_wconf 89' lang='lat' dir='ltr'>et</span> <span class='ocrx_word' id='word_1_243' title='bbox 831 4187 934 4264; x_wconf 84' lang='lat' dir='ltr'>beate</span> <span class='ocrx_word' id='word_1_244' title='bbox 946 4188 1064 4272; x_wconf 63' lang='lat' dir='ltr'>marie</span> <span class='ocrx_word' id='word_1_245' title='bbox 1076 4201 1113 4264; x_wconf 85' lang='lat' dir='ltr'>et</span> <span class='ocrx_word' id='word_1_246' title='bbox 1125 4188 1229 4263; x_wconf 78' lang='lat' dir='ltr'>beato</span> <span class='ocrx_word' id='word_1_247' title='bbox 1242 4188 1267 4263; x_wconf 92' lang='lat' dir='ltr'><strong>J</strong></span> <span class='ocrx_word' id='word_1_248' title='bbox 1268 4186 1400 4263; x_wconf 89' lang='lat' dir='ltr'>ohanni</span> <span class='ocrx_word' id='word_1_249' title='bbox 1412 4187 1568 4288; x_wconf 80' lang='lat' dir='ltr'>apostolo</span> <span class='ocrx_word' id='word_1_250' title='bbox 1584 4203 1620 4264; x_wconf 91' lang='lat' dir='ltr'>et</span> <span class='ocrx_word' id='word_1_251' title='bbox 1637 4217 1748 4266; x_wconf 81' lang='lat' dir='ltr'>euen-</span> 
     </span>
     <span class='ocr_line' id='line_1_24' title="bbox 244 4319 1747 4425; baseline -0.001 -27"><span class='ocrx_word' id='word_1_252' title='bbox 244 4322 365 4425; x_wconf 79' lang='lat' dir='ltr'>geliste</span> <span class='ocrx_word' id='word_1_253' title='bbox 380 4322 427 4399; x_wconf 87' lang='lat' dir='ltr'>de</span> <span class='ocrx_word' id='word_1_254' title='bbox 447 4320 567 4396; x_wconf 74' lang='lat' dir='ltr'>Insula</span> <span class='ocrx_word' id='word_1_255' title='bbox 581 4321 768 4403; x_wconf 68' lang='lat' dir='ltr'>missarum</span> <span class='ocrx_word' id='word_1_256' title='bbox 787 4334 824 4398; x_wconf 86' lang='lat' dir='ltr'>et</span> <span class='ocrx_word' id='word_1_257' title='bbox 844 4321 967 4396; x_wconf 74' lang='lat' dir='ltr'>abbati</span> <span class='ocrx_word' id='word_1_258' title='bbox 983 4335 1021 4396; x_wconf 85' lang='lat' dir='ltr'>et</span> <span class='ocrx_word' id='word_1_259' title='bbox 1036 4320 1231 4397; x_wconf 87' lang='lat' dir='ltr'>eonuentui</span> <span class='ocrx_word' id='word_1_260' title='bbox 1248 4321 1401 4420; x_wconf 85' lang='lat' dir='ltr'>ejusdem</span> <span class='ocrx_word' id='word_1_261' title='bbox 1417 4319 1487 4396; x_wconf 84' lang='lat' dir='ltr'>loci</span> <span class='ocrx_word' id='word_1_262' title='bbox 1509 4321 1546 4394; x_wconf 92' lang='lat' dir='ltr'>in</span> <span class='ocrx_word' id='word_1_263' title='bbox 1566 4347 1693 4421; x_wconf 79' lang='lat' dir='ltr'>puram</span> <span class='ocrx_word' id='word_1_264' title='bbox 1710 4336 1747 4397; x_wconf 87' lang='lat' dir='ltr'>et</span> 
     </span>
     <span class='ocr_line' id='line_1_25' title="bbox 246 4452 1745 4558; baseline -0.003 -26"><span class='ocrx_word' id='word_1_265' title='bbox 246 4471 458 4558; x_wconf 80' lang='lat' dir='ltr'>perpetuam</span> <span class='ocrx_word' id='word_1_266' title='bbox 479 4453 702 4532; x_wconf 81' lang='lat' dir='ltr'>elemofinum</span> <span class='ocrx_word' id='word_1_267' title='bbox 726 4456 798 4530; x_wconf 88' lang='lat' dir='ltr'>duo</span> <span class='ocrx_word' id='word_1_268' title='bbox 822 4454 913 4530; x_wconf 79' lang='lat' dir='ltr'>tofta</span> <span class='ocrx_word' id='word_1_269' title='bbox 934 4468 972 4531; x_wconf 86' lang='lat' dir='ltr'>et</span> <span class='ocrx_word' id='word_1_270' title='bbox 994 4467 1149 4553; x_wconf 83' lang='lat' dir='ltr'>quatuor</span> <span class='ocrx_word' id='word_1_271' title='bbox 1170 4479 1269 4530; x_wconf 80' lang='lat' dir='ltr'>aeres</span> <span class='ocrx_word' id='word_1_272' title='bbox 1295 4469 1388 4530; x_wconf 87' lang='lat' dir='ltr'>terre</span> <span class='ocrx_word' id='word_1_273' title='bbox 1410 4453 1449 4528; x_wconf 94' lang='lat' dir='ltr'>in</span> <span class='ocrx_word' id='word_1_274' title='bbox 1472 4452 1555 4528; x_wconf 82' lang='lat' dir='ltr'>villa</span> <span class='ocrx_word' id='word_1_275' title='bbox 1577 4454 1622 4529; x_wconf 89' lang='lat' dir='ltr'>de</span> <span class='ocrx_word' id='word_1_276' title='bbox 1644 4453 1745 4530; x_wconf 87' lang='lat' dir='ltr'>Ken-</span> 
     </span>
     <span class='ocr_line' id='line_1_26' title="bbox 244 4585 1743 4690; baseline -0.003 -23"><span class='ocrx_word' id='word_1_277' title='bbox 244 4587 400 4667; x_wconf 81' lang='lat' dir='ltr'>endhem</span> <span class='ocrx_word' id='word_1_278' title='bbox 409 4613 479 4690; x_wconf 89' lang='lat' dir='ltr'>que</span> <span class='ocrx_word' id='word_1_279' title='bbox 495 4590 541 4664; x_wconf 81' lang='lat' dir='ltr'>ub</span> <span class='ocrx_word' id='word_1_280' title='bbox 551 4587 619 4664; x_wconf 79' lang='lat' dir='ltr'>alio</span> <span class='ocrx_word' id='word_1_281' title='bbox 630 4587 775 4664; x_wconf 89' lang='lat' dir='ltr'>nomine</span> <span class='ocrx_word' id='word_1_282' title='bbox 786 4586 918 4664; x_wconf 83' lang='lat' dir='ltr'>dicitur</span> <span class='ocrx_word' id='word_1_283' title='bbox 929 4586 1125 4687; x_wconf 78' lang='lat' dir='ltr'>Dolpetrik</span> <span class='ocrx_word' id='word_1_284' title='bbox 1136 4585 1300 4663; x_wconf 83' lang='lat' dir='ltr'>videlieet</span> <span class='ocrx_word' id='word_1_285' title='bbox 1316 4588 1448 4664; x_wconf 82' lang='lat' dir='ltr'>toftum</span> <span class='ocrx_word' id='word_1_286' title='bbox 1465 4586 1503 4662; x_wconf 89' lang='lat' dir='ltr'>in</span> <span class='ocrx_word' id='word_1_287' title='bbox 1519 4612 1591 4686; x_wconf 89' lang='lat' dir='ltr'>quo</span> <span class='ocrx_word' id='word_1_288' title='bbox 1603 4587 1743 4662; x_wconf 83' lang='lat' dir='ltr'>Alanus</span> 
     </span>
    </p>
   </div>
   <div class='ocr_carea' id='block_1_6' title="bbox 0 0 2230 6034">
    <p class='ocr_par' dir='ltr' id='par_1_6' title="bbox 0 0 2230 6034">
     <span class='ocr_line' id='line_1_27' title="bbox 0 0 2230 6034; baseline 0 10"><span class='ocrx_word' id='word_1_289' title='bbox 0 0 2230 6034; x_wconf 95' lang='lat' dir='ltr'> </span> 
     </span>
    </p>
   </div>
  </div>
 </body>
</html>
