4450 6034
762 578 842 651 DE
870 577 1271 653 INCHAFFERY.

264 910 388 1012 Carta
405 953 498 1014 terre
514 938 560 1012 de
576 936 762 1038 Duuydnf
775 977 784 997 ·

1865 1104 1890 1155 2
1924 1085 1934 1142 l

198 1200 242 1265 44
263 1176 458 1277 Omnibus
474 1202 542 1278 hoc
557 1202 728 1301 scriptum
744 1202 865 1276 visuris
882 1200 939 1277 vel
960 1202 1133 1277 audituris
1151 1201 1289 1278 Bricius
1310 1202 1356 1278 de
1372 1203 1589 1281 Androffaue
1610 1218 1769 1281 eternam
1852 1109 1864 1180 l
1892 1082 1910 1168 l

260 1339 297 1410 in
313 1338 460 1413 domino
476 1336 623 1412 salutem
640 1376 650 1397 ·
668 1335 824 1412 Nouerit
840 1336 1044 1410 vniuerlitas
1061 1337 1173 1410 vestra
1192 1363 1250 1411 me
1273 1363 1337 1438 000
1358 1335 1467 1412 101010
1492 1338 1610 1414 anime
1631 1365 1709 1413 mee
1735 1353 1771 1411 et

260 1471 513 1548 antecefl'orum
535 1496 698 1546 meorum
724 1469 918 1544 conceffiffe
947 1482 984 1544 01
1013 1469 1190 1569 allignaffe
1220 1485 1256 1544 01
1285 1469 1353 1544 hac
1381 1471 1535 1570 presenti
1565 1486 1663 1546 carta
1690 1497 1771 1546 mea

260 1606 476 1681 confirmafl'e
494 1603 578 1680 Deo
598 1618 635 1679 et
651 1605 755 1678 beate
775 1603 891 1685 marie
911 1617 949 1678 et
969 1603 1085 1677 100110
1101 1603 1127 1677 J
1128 1601 1260 1678 ohanni
1276 1602 1433 1703 apostolo
1450 1617 1487 1679 et
1504 1603 1717 1706 euangelista
1734 1619 1770 1678 et

258 1740 377 1816 abbati
398 1755 435 1814 et
456 1739 649 1815 conuentui
669 1738 715 1814 de
738 1735 856 1812 Insula
879 1736 1065 1819 miliarum
1085 1750 1122 1810 01
1142 1735 1210 1810 suis
1233 1734 1477 1812 lucoefl'oribns
1498 1737 1536 1810 in
1556 1751 1769 1838 perpetuum

259 1871 355 1948 illam
380 1871 589 1972 perticulam
611 1886 704 1947 terre
729 1872 828 1944 111000
851 1870 889 1944 10
913 1869 1090 1944 1000110010
1113 1869 1159 1944 10
1186 1869 1361 1976 Petlandy
1379 1895 1487 1970 quam
1508 1896 1576 1970 ego
1599 1871 1644 1946 de
1666 1869 1769 1945 Luca

258 2005 331 2080 filio
354 2003 566 2105 Theobaldy
586 2003 633 2078 ad
651 2003 793 2076 feodam
817 2003 958 2074 firmam
982 1989 1088 2076 10000
1107 2027 1190 2075 cum
1213 2001 1378 2076 omnibus
1394 2001 1463 2076 suis
1488 2001 1710 2103 pertinentiis
1731 2017 1768 2076 et

259 2137 384 2212 ceteris
402 2135 625 2237 ayfiameutis
637 2160 701 2234 000
718 2134 795 2207 suas
811 2133 923 2211 006100
940 2132 1069 2207 diuisas
1082 2149 1189 2233 prout
1206 2134 1243 2206 in
1260 2148 1357 2208 carta
1373 2133 1466 2210 iuter
1482 2134 1616 2210 dictum
1629 2133 1767 2209 Lucam

259 2284 295 2343 et
319 2295 377 2342 me
402 2267 505 2368 super
529 2267 597 2342 hoc
621 2266 711 2341 10110
733 2264 872 2367 plenius
897 2265 1102 2339 continetur
1129 2307 1136 2323 ·
1163 2265 1355 2340 tenendam
1375 2281 1410 2341 et
1430 2265 1631 2341 habendam
1651 2266 1713 2339 fibi
1729 2279 1766 2340 et

258 2399 501 2474 succefforibus
529 2399 599 2472 1010
628 2398 665 2471 10
693 2412 907 2498 perpetuum
934 2396 981 2470 de
1009 2422 1068 2470 me
1097 2411 1135 2470 et
1164 2396 1353 2471 heredibus
1383 2397 1471 2472 meis
1500 2397 1559 2472 100
1589 2397 1766 2496 affignatis

257 2533 365 2608 libere
389 2547 426 2607 et
450 2532 570 2631 quiete
593 2532 680 2606 ficut
704 2529 848 2605 liberius
873 2529 1031 2630 quiecius
1053 2554 1120 2629 ego
1143 2528 1272 2620 dictam
1293 2543 1424 2604 terram
1447 2530 1546 2604 tenni
1565 2527 1621 2604 vel
1645 2543 1766 2604 tenere
1794 2535 1797 2542 '

260 2666 359 2765 potui
391 2707 399 2724 ·
435 2663 635 2738 Reddendo
664 2663 748 2738 inde
778 2662 963 2736 annuatim
988 2688 1096 2735 vnum
1124 2687 1277 2740 coarcam
1307 2663 1445 2762 argenti
1473 2661 1602 2737 scilicet
1630 2663 1767 2736 medie-

259 2810 369 2871 tatem
392 2795 439 2869 ad
456 2795 689 2900 Pentecosten
705 2809 742 2868 et
758 2792 864 2868 aliam
881 2792 1111 2867 medietatem
1129 2792 1175 2866 ad
1195 2791 1321 2868 festum
1338 2792 1443 2868 100111
1460 2793 1610 2876 martini
1626 2779 1766 2869 cuidain

259 2925 440 3028 capellano
467 2926 589 3000 diuina
613 2924 804 3000 celebranti
834 2925 872 2998 in
898 2923 1127 3000 elimofinario
1155 2925 1199 3000 de
1227 2923 1345 2998 Insula
1374 2923 1558 3007 miliarum
1585 2925 1632 2999 ad
1662 2951 1767 3026 oper-

258 3061 409 3136 randum
426 3060 485 3136 seu
501 3059 758 3134 inueniendum
775 3059 907 3134 ibidem
928 3057 1072 3133 calicem
1095 3073 1132 3132 et
1153 3073 1361 3133 ornamenta
1378 3057 1500 3134 diuino
1518 3057 1630 3133 cultui
1647 3061 1766 3134 neces-

257 3195 370 3268 10010·
387 3193 468 3268 volo
487 3207 525 3269 et
546 3192 701 3268 concedo
718 3191 815 3292 quod
836 3194 862 3265 fi
885 3191 1014 3266 dictam
1039 3205 1170 3266 terram
1192 3217 1257 3291 000
1278 3189 1433 3291 aliquem
1454 3192 1571 3266 casum
1587 3190 1645 3266 seu
1662 3217 1765 3268 occa-

257 3331 388 3404 tionem
413 3327 458 3402 de
482 3325 647 3426 predictis
672 3326 799 3400 abbate
821 3339 858 3398 et
880 3337 1061 3398 conuentu
1083 3323 1181 3420 quod
1203 3324 1290 3397 ablit
1313 3323 1515 3424 inpollerim
1538 3323 1654 3398 euinci
1677 3351 1764 3400 con-

258 3461 378 3561 tigerit
403 3459 594 3566 sepedictus
621 3459 787 3533 abbatem
816 3470 853 3532 et
876 3470 1093 3532 conuentum
1117 3482 1138 3530 a
1161 3455 1316 3557 preditte
1341 3481 1459 3531 marce
1482 3455 1693 3556 prestatione
1719 3483 1764 3531 ex

256 3595 441 3669 10001000
465 3591 640 3669 absolutos
663 3606 700 3667 et
723 3617 780 3665 me
803 3607 840 3666 et
864 3590 1013 3666 heredes
1040 3615 1138 3664 meos
1164 3590 1223 3664 seu
1247 3589 1431 3690 affiguatos
1458 3589 1504 3664 ad
1531 3616 1620 3691 quos
1646 3606 1763 3667 cetere

256 3744 348 3802 terre
374 3751 453 3801 mee
481 3751 692 3824 quocunque
720 3722 825 3800 titulo
852 3723 1075 3798 traufiuerint
1104 3723 1152 3797 ad
1181 3722 1338 3824 00011110
1368 3749 1485 3798 marce
1514 3723 1762 3825 prestationem

256 3887 411 3935 annuam
433 3858 590 3960 00011110
606 3855 789 3959 capellano
810 3855 953 3956 1010110
977 3856 1079 3931 terris
1100 3855 1300 3930 faciendam
1317 3854 1519 3957 supradictis
1541 3855 1701 3931 terminis
1725 3859 1761 3930 in

256 4009 468 4095 perpetuum
495 3992 608 4066 teneri
634 4006 671 4066 et
698 3991 744 4064 ad
772 3990 840 4064 hoc
868 4015 932 4091 per
959 3989 1140 4064 censuram
1167 3987 1428 4064 ecclesiasticam
1452 3991 1477 4063 fi
1500 3991 1632 4066 neceffe
1656 3991 1761 4066 fuerit

256 4126 418 4228 compelli
434 4139 471 4201 et
487 4125 672 4225 perstringi
689 4167 699 4185 ·
719 4124 919 4199 Reddenda
939 4123 1199 4199 nichillominus
1215 4117 1388 4225 sepedicto
1411 4124 1512 4200 Luce
1564 4169 1572 4186 ·
1626 4169 1634 4185 ·
1688 4170 1697 4186 ·
1751 4169 1759 4186 ·

256 4259 376 4334 011010
393 4257 581 4332 heredibus
599 4255 655 4331 vel
666 4256 841 4356 affignatis
859 4256 987 4330 dictam
997 4270 1128 4329 terram
1145 4255 1191 4330 ad
1202 4255 1447 4330 feodofirmam
1463 4256 1550 4329 mihi
1566 4271 1603 4331 01
1619 4256 1786 4332 heredi-¹⁸¹

255 4394 322 4466 bus
337 4392 425 4467 meis
447 4390 507 4465 seu
529 4391 705 4488 affignatis
728 4391 765 4462 in
787 4405 1001 4490 perpetuum
1019 4431 1028 4448 ·
1046 4389 1244 4465 concedent
1261 4415 1326 4491 000
1343 4390 1440 4465 omni
1456 4388 1598 4464 10001001
1614 4390 1757 4465 10001010

256 4527 437 4601 exactione
450 4524 700 4600 consuetudine
713 4539 750 4599 et
762 4525 939 4598 demanda
951 4525 1259 4600 warrantizatione
1275 4526 1492 4625 protedtione
1504 4539 1540 4600 et
1552 4525 1756 4602 defeucione

257 4659 442 4735 duodecim
458 4657 621 4734 denarios
637 4657 683 4732 ad
699 4656 788 4732 duos
804 4657 889 4732 anni
906 4657 1075 4731 terminos
1087 4655 1215 4732 scilicet
1227 4656 1285 4732 lex
1298 4657 1459 4733 denarios
1476 4657 1523 4732 01
1538 4657 1755 4758 ponticellus
