4450 6034
764 501 844 574 DE
875 499 1274 578 INOHAFFERY.

261 968 348 1072 Hic
363 997 542 1098 incipiunt
558 1015 655 1076 carte
671 1014 709 1076 et
726 998 1012 1109 confirmationes
1025 1000 1187 1074 omnium
1200 998 1420 1074 ecelesiarum
1434 999 1641 1082 monasterio
1655 999 1773 1076 Insule

264 1128 451 1211 miffarum
468 1131 724 1232 pertinentium
743 1175 752 1194 ·

316 1260 499 1363 Imprimis
515 1279 613 1339 carta
630 1264 784 1342 Gilberti
801 1264 940 1341 comitis
957 1266 1003 1340 de
1019 1263 1161 1340 eeclesia
1176 1265 1222 1339 de
1238 1262 1480 1363 waddirnyne
1498 1302 1509 1327 ·

188 1532 241 1602 68
265 1502 462 1606 Gilbertus
478 1556 598 1606 eomes
615 1532 661 1606 de
675 1530 893 1632 Stratheryn
909 1530 1073 1606 omnibus
1090 1528 1213 1605 amieis
1230 1542 1267 1604 et
1281 1527 1487 1605 hominibus
1503 1529 1572 1604 suis
1597 1527 1742 1606 salutem
1762 1572 1771 1590 ·

265 1663 393 1738 Sciatis
409 1691 468 1739 me
485 1664 616 1740 dediffe
628 1679 666 1741 et
681 1665 876 1740 eaneeffiffe
892 1678 930 1740 et
945 1663 1013 1738 hae
1028 1689 1112 1738 mea
1127 1677 1224 1737 carta
1240 1662 1457 1737 eonfirmafi'e
1472 1661 1556 1738 Deo
1573 1676 1609 1738 et
1629 1662 1769 1740 eoeleste

263 1796 367 1871 santii
392 1796 567 1871 Jobannis
587 1797 801 1898 euangeliste
821 1797 867 1872 de
889 1797 1099 1896 Inehaffryn
1125 1808 1161 1870 et
1186 1793 1302 1870 eidem
1322 1793 1461 1870 ecclesie
1480 1794 1713 1871 seruientibus
1731 1811 1768 1872 et

264 1927 443 2002 seruituris
469 1925 649 2002 ecelesiam
682 1929 727 2003 de
759 1927 985 2027 maddirnyn
1011 1952 1094 2001 eum
1120 1926 1284 2000 omnibus
1308 1923 1412 2025 justis
1441 1924 1667 2026 pertinentijs
1695 1926 1767 1999 suis

266 2062 303 2134 in
330 2087 458 2161 puram
479 2074 516 2135 et
544 2075 753 2162 perpetuam
779 2060 1000 2136 elemosinam
1024 2085 1090 2160 pro
1115 2059 1232 2133 anime
1252 2085 1331 2134 mee
1353 2057 1460 2134 salute
1485 2072 1522 2134 et
1539 2059 1663 2134 'axoris
1689 2087 1768 2134 mee

261 2206 296 2266 et
312 2217 379 2292 pro
395 2191 580 2266 animabus
596 2194 850 2269 anteeefforum
863 2217 1022 2266 meorum
1033 2204 1070 2266 et
1085 2183 1402 2265 sulute'liberorum
1414 2215 1576 2265 meorum
1594 2231 1602 2250 ·
1621 2191 1767 2266 Tenen-

261 2323 344 2396 dam
373 2323 424 2398 ita
451 2322 561 2398 libere
587 2323 706 2422 quiete
732 2322 891 2424 plenarie
918 2335 956 2398 et
985 2321 1181 2396 honorifice
1209 2321 1297 2396 ficut
1321 2319 1438 2421 aliqua
1463 2320 1603 2397 ecelefia
1627 2322 1665 2396 in
1689 2337 1766 2398 toto

259 2481 369 2554 ragno
401 2454 523 2531 Sentie
551 2455 597 2529 ab
630 2453 807 2554 aliquibus
839 2453 1007 2552 religiosis
1039 2452 1187 2528 liberius
1220 2451 1379 2551 quietius
1411 2451 1592 2552 plenarius
1624 2467 1767 2530 tenetur

259 2598 296 2663 et
310 2587 601 2664 honorificentius
627 2628 637 2647 ·
661 2587 747 2688 Hijs
772 2586 918 2662 testibus
947 2585 1084 2670 malitie
1108 2585 1217 2661 fratre
1242 2612 1323 2661 meo
1350 2629 1359 2646 ·
1384 2585 1537 2669 matilde
1561 2586 1730 2662 eomitiffa
1756 2627 1765 2648 ·

258 2717 435 2794 Willelmo
460 2731 498 2794 et
521 2717 664 2795 ffertetb
689 2732 726 2794 et
751 2718 911 2793 Roberto
936 2716 1019 2817 filijs
1035 2717 1126 2792 meis
1158 2759 1167 2777 ·
1195 2715 1376 2794 Gillenem
1402 2717 1561 2819 dapifero
1586 2719 1703 2795 nostro
1730 2734 1767 2794 et

257 2849 394 2928 atatfio
417 2849 490 2925 filio
512 2851 590 2951 ejus
616 2848 810 2926 ·Gilbert0
830 2848 941 2933 ‹eilite
968 2891 977 2908 ·
1004 2849 1164 2923 Abraam
1181 2849 1363 2950 capellano
1390 2893 1399 2909 ·
1425 2849 1544 2926 Brieio
1559 2851 1704 2950 persona
1721 2852 1766 2926 de

258 2983 362 3060 Orefe
380 3027 389 3043 ·
407 2983 644 3060 Constantino
655 2982 779 3083 judice
798 3023 807 3042 ·
827 2981 990 3060 Anecbol
1007 2983 1130 3058 theino
1147 3009 1227 3058 meo
1245 3022 1255 3042 ·

256 3358 353 3460 Alia
368 3396 467 3458 carta
481 3383 528 3458 de
544 3381 672 3456 eadem
687 3379 829 3456 ecelefia
846 3421 856 3440 ·

187 3635 236 3710 69
257 3617 452 3721 Gilbertns
468 3670 588 3721 cemes
604 3643 651 3718 de
669 3641 882 3742 Stratheryn
899 3638 1065 3715 omnibus
1086 3637 1155 3712 hoe
1175 3635 1342 3734 seriptum
1362 3633 1483 3709 visuris
1505 3632 1561 3709 vel
1582 3633 1758 3710 audituris

253 3776 398 3853 salutem
418 3818 426 3837 ·
447 3775 571 3852 Sciant
585 3789 659 3852 tam
677 3775 856 3875 presentes
874 3797 981 3871 quarn
997 3769 1112 3844 futuri
1129 3795 1187 3844 me
1204 3767 1336 3844 dediffe
1357 3778 1394 3844 et
1417 3766 1610 3842 eoneeffiffe
1635 3781 1673 3842 et
1691 3767 1758 3844 hue

253 3924 351 3986 carta
374 3934 458 3985 mea
489 3908 708 3986 eonfirmaffe
729 3906 813 3982 Deo
842 3919 880 3980 et
907 3905 1023 3980 santia
1048 3901 1209 3980 Jebanni
1237 3899 1395 4002 apostolo
1421 3898 1466 3975 de
1493 3899 1693 4001 Inchaffray
1723 3915 1760 3977 et

251 4040 429 4116 canonicis
450 4041 606 4141 ejusdem
631 4039 700 4114 loci
719 4061 915 4137 eorumque
934 4035 1183 4110 fueeefforibus
1201 4059 1268 4134 pro
1284 4031 1358 4108 Dei
1375 4057 1496 4107 amore
1512 4045 1549 4106 et
1565 4056 1629 4129 pro
1651 4031 1760 4108 salute

250 4171 368 4246 anime
379 4196 459 4246 mee
471 4184 508 4245 et
519 4170 638 4245 vxoris
649 4195 729 4244 mee
741 4182 778 4243 et
787 4165 1042 4243 anteeefforum
1060 4163 1279 4240 etheredum
1288 4186 1451 4237 meorum
1463 4161 1642 4237 eaeleiiam
1653 4164 1759 4238 santii

251 4303 443 4379 Etbimani
468 4304 514 4378 de
539 4303 773 4402 maddyrnyn
800 4325 883 4376 eum
905 4298 1069 4373 omnibus
1089 4297 1195 4398 justis
1220 4293 1442 4395 pertinentijs
1461 4293 1530 4368 suis
1550 4295 1587 4368 in
1612 4295 1757 4370 decimis

250 4451 286 4511 et
311 4433 548 4511 oblationibus
565 4448 602 4509 et
618 4433 834 4509 abuentibus
861 4429 1075 4506 omnimodis
1103 4454 1187 4506 cum
1214 4439 1308 4504 terra
1332 4427 1378 4502 ad
1403 4424 1554 4502 eandem
1578 4423 1755 4502 ecclesiam

249 4569 451 4669 pertinente
486 4580 523 4641 et
561 4591 644 4640 eum
676 4561 859 4641 communi
892 4560 1034 4658 pastura
1065 4557 1258 4658 ceterisque
1297 4551 1518 4658 ayfiamentis
1547 4556 1757 4632 omnimodis
