4450 6034
478 592 527 664 58
558 607 567 618 ·
1048 573 1409 655 REGISTRUM

480 829 519 893 et
540 815 714 890 clamenm
736 811 834 913 qued
853 811 968 886 hnbee
988 811 1030 884 in
1052 809 1180 886 eodem
1202 807 1370 884 Johenne
1389 805 1447 882 vel
1469 804 1568 905 prole
1591 806 1637 881 eb
1659 803 1733 904 ipso
1754 801 1917 878 suscitate
1931 799 1987 875 vel

480 949 612 1022 hebere
634 959 758 1044 potero
780 957 843 1018 cut
866 941 1016 1018 heredee
1034 940 1106 1014 mei
1131 938 1348 1038 impesterim
1367 937 1500 1012 habere
1525 949 1698 1034 poterunt
1723 973 1734 998 ·
1760 932 1934 1036 prohibeo
1951 945 1986 1004 et

481 1080 648 1156 omnibus
672 1074 876 1151 hominibus
900 1071 990 1146 meis
1009 1096 1057 1145 ne
1083 1069 1210 1168 aliquis
1230 1095 1355 1144 eorum
1375 1067 1468 1142 dicte
1491 1066 1653 1143 Jnhenni
1677 1064 1734 1140 vel
1755 1063 1862 1140 elicui
1881 1061 1988 1160 prolis

480 1213 540 1284 sue
562 1208 756 1284 molestiam
778 1219 842 1280 eut
862 1228 1057 1304 grenrmen
1072 1216 1135 1276 eut
1154 1199 1299 1300 aliquod
1321 1199 1617 1298 impedimentum
1633 1198 1764 1274 inferre
1780 1196 1959 1296 presumat
1976 1235 1985 1251 ·

482 1343 528 1416 In
553 1344 656 1439 eujus
681 1339 734 1414 rei
760 1335 1000 1412 testimenium
1027 1334 1183 1432 presenti
1212 1333 1338 1432 scripte
1363 1331 1516 1432 tigillum
1538 1357 1660 1408 meum
1684 1329 1830 1429 apposui
1855 1370 1865 1388 ·
1891 1327 1988 1402 Dete

481 1497 576 1548 enno
592 1470 727 1546 demini
739 1467 916 1552 millefimo
932 1475 1010 1540 cc⁸⁰
1024 1463 1077 1538 1⁰⁰
1092 1465 1216 1540 octeno
1232 1463 1296 1564 vij⁰
1313 1461 1395 1536 idue
1411 1461 1502 1562 maij
1519 1505 1528 1524 ·
1543 1461 1709 1538 Testibue
1721 1459 1869 1536 domino
1882 1459 1988 1532 Petro

481 1604 600 1702 priore
616 1601 662 1676 de
681 1600 799 1676 Scene
816 1640 826 1658 ·
844 1596 1011 1674 Gilberte
1026 1595 1137 1670 fratre
1152 1621 1234 1670 meo
1252 1635 1261 1656 ·
1281 1592 1447 1670 Gilberto
1463 1593 1509 1668 de
1526 1592 1693 1675 woreuia
1718 1634 1726 1652 ·
1748 1589 1929 1666 Willelmo
1944 1589 1988 1664 de

481 1738 654 1814 Louetoft
671 1780 680 1796 ·
698 1735 836 1820 maline
849 1735 925 1811 filio
940 1735 1081 1812 Anecel
1097 1775 1108 1796 ·
1127 1733 1245 1809 Alere
1261 1731 1450 1817 mariscallo
1467 1745 1504 1808 et
1520 1731 1643 1807 multis
1661 1731 1740 1832 elije
1760 1774 1769 1790 ·

486 2104 608 2206 Certe
622 2127 669 2204 de
685 2154 755 2203 vno
771 2126 862 2202 tofto
878 2139 916 2201 et
931 2126 1046 2200 tribue
1062 2124 1155 2200 cerie
1171 2124 1211 2198 in
1229 2125 1433 2228 Kyntochir
1452 2168 1461 2186 ·

418 2389 466 2464 59
484 2365 684 2466 Rebertue
700 2413 819 2464 eomee
834 2386 881 2462 de
899 2386 1114 2488 Strntheryn
1131 2387 1295 2462 omnibus
1314 2386 1383 2462 hoe
1402 2385 1571 2485 scriptum
1590 2387 1714 2462 visurie
1737 2385 1793 2462 rel
1816 2386 1990 2462 audituris

482 2522 631 2599 salutem
666 2564 676 2580 ·
717 2519 875 2596 Neuerit
907 2520 1114 2595 vniuerfine
1146 2521 1260 2595 vestre
1291 2545 1351 2594 me
1384 2519 1577 2594 conceffiffe
1611 2533 1649 2594 et
1681 2519 1750 2595 hec
1781 2545 1862 2595 mee
1894 2535 1994 2594 certe

483 2655 701 2731 confirmeffe
724 2655 807 2728 Dee
829 2667 867 2728 et
890 2653 994 2728 beete
1020 2652 1137 2735 marie
1161 2651 1330 2728 etberto
1354 2650 1514 2727 Johenni
1537 2650 1693 2750 apostolo
1719 2665 1756 2726 et
1780 2649 1993 2752 euangelica

485 2801 523 2864 et
539 2787 658 2863 abbati
673 2801 711 2861 et
726 2786 920 2862 concentui
936 2785 981 2860 de
999 2784 1117 2859 Insula
1133 2784 1317 2867 wiffarum
1333 2783 1410 2858 illes
1426 2783 1486 2858 fex
1498 2809 1597 2858 acrae
1613 2795 1709 2859 terre
1722 2809 1811 2884 quen
1828 2781 1993 2884 Nigellue

487 2921 532 2994 de
553 2918 680 2994 Luteft
701 2917 752 2992 eie
772 2915 873 2992 dedit
892 2917 930 2991 in
949 2916 1125 2992 territerio
1142 2917 1187 2992 de
1207 2915 1425 3018 Dolpetryilr
1445 2930 1482 2992 et
1503 2916 1592 2992 illud
1613 2917 1744 2994 toftum
1763 2931 1801 2991 et
1821 2915 1898 2991 illae
1924 2929 1995 2991 tree

486 3075 585 3126 ceree
624 3063 717 3124 terre
750 3073 839 3145 quae
875 3047 1055 3122 Henricue
1087 3046 1183 3120 filine
1217 3047 1397 3122 Trestrem
1434 3045 1535 3123 dedit
1571 3047 1622 3122 eie
1664 3049 1702 3122 in
1740 3045 1824 3122 ville
1856 3049 1918 3122 sun
1950 3046 1995 3123 de

487 3180 689 3282 Kyntechir
710 3207 793 3255 cum
812 3180 992 3255 communi
1011 3181 1153 3280 pestere
1173 3178 1330 3279 quinque
1350 3205 1539 3254 vaccarum
1561 3193 1598 3256 et
1619 3181 1724 3255 vniue
1746 3181 1831 3281 equi
1852 3195 1890 3256 et
1914 3206 1995 3255 cum

486 3314 651 3389 omnibus
664 3311 742 3388 aliie
755 3310 1003 3387 communibus
1015 3310 1238 3412 cyficmentie
1250 3311 1406 3409 ejusdem
1419 3310 1500 3386 ville
1512 3310 1559 3386 ed
1576 3323 1714 3386 tentem
1731 3311 1997 3411 pertinentibus

486 3470 618 3524 terram
642 3484 652 3504 ·
673 3471 743 3545 que
763 3444 926 3520 videlicet
945 3445 1102 3544 predica
1122 3443 1362 3544 prenominati
1380 3443 1546 3545 Nigellue
1566 3457 1603 3520 et
1626 3443 1808 3520 Henricue
1829 3444 1997 3520 ultimum

487 3577 586 3653 suum
604 3578 774 3652 facientes
790 3577 1039 3651 testamentum
1054 3575 1259 3650 memoretis
1275 3575 1395 3650 abbati
1412 3588 1448 3650 et
1464 3575 1658 3651 conuennri
1674 3603 1740 3676 pro
1751 3577 1998 3676 redemptione

488 3711 687 3786 animarum
703 3709 843 3782 suerum
860 3706 898 3779 in
914 3719 1124 3806 perpetuam
1146 3719 1183 3780 et
1202 3703 1348 3780 liberem
1370 3707 1415 3780 eb
1435 3706 1533 3781 omni
1549 3705 1694 3781 seruitio
1711 3706 1909 3782 diuisemnt
1925 3707 1998 3782 ele-

488 3845 658 3918 mofinem
685 3880 696 3902 ·
722 3865 831 3939 quare
847 3839 927 3915 volo
943 3853 982 3914 vt
1002 3839 1065 3938 ipli
1081 3839 1191 3914 ebbae
1208 3852 1245 3914 et
1261 3853 1459 3914 conuentus
1481 3839 1610 3915 toftum
1632 3839 1832 3940 predictum
1847 3855 1884 3916 et
1900 3863 1998 3916 acrae

488 3974 661 4078 predictae
677 3997 758 4046 cum
776 3971 921 4072 prefatis
938 3971 1162 4072 pertinentije
1179 3984 1326 4048 teneant
1342 3986 1380 4047 et
1395 3971 1589 4073 peffideent
1605 3971 1644 4046 in
1659 3987 1874 4072 perpetuum
1889 3972 1999 4048 libere

490 4121 527 4184 et
543 4105 662 4204 quiete
678 4105 724 4178 eb
737 4103 835 4178 omni
848 4103 993 4178 semicio
1005 4116 1042 4179 et
1054 4101 1235 4178 exactione
1248 4101 1391 4178 seculari
1404 4143 1413 4160 ·
1427 4103 1511 4204 Hije
1523 4103 1669 4179 emtus
1684 4102 1829 4179 domino
1843 4103 1999 4179 Rieerdo

490 4237 605 4316 milite
624 4263 707 4312 meo
733 4277 742 4296 ·
769 4222 988 4334 dompnoss)
1012 4233 1999 4337 ·etR·cepelleniemeie·B·deDunyne·G·de

493 4369 659 4454 oeoreuin
677 4411 686 4429 ·
705 4367 781 4442 W·
800 4366 1016 4446 Clemente·
1034 4367 1066 4440 P
1084 4410 1094 4430 ·
1112 4365 1212 4444 Oeco
1235 4407 1245 4428 ·
1264 4365 1296 4440 B
1316 4409 1324 4428 ·
1342 4367 1389 4442 de
1407 4365 1609 4468 Kyntochir
1632 4405 1642 4428 ·
1665 4367 1701 4442 R
1723 4409 1732 4428 ·
1754 4365 1947 4442 decimatio
1964 4381 1999 4440 et

494 4501 615 4578 multie
630 4500 709 4600 nlije
727 4544 736 4560 ·
