4450 6034
730 556 809 630 DE
841 553 1247 632 INOHAFFERY.
1699 567 1749 640 ·19

235 787 370 862 nentiia
399 787 470 861 suia
499 787 551 862 ita
577 786 687 862 libero
716 802 754 862 et
782 787 906 887 quiete
935 786 1092 887 plenario
1122 801 1159 863 et
1185 787 1378 863 honorifice
1406 789 1493 864 ficut
1522 803 1618 866 carte
1645 792 1752 893 ipslue

237 918 382 995 comitia
395 920 448 995 eia
458 919 542 994 inde
557 918 646 994 fatte
663 921 835 994 testantur
851 917 947 994 saluo
962 919 1108 995 seruicio
1126 945 1206 996 meo
1224 960 1234 982 ·
1255 921 1421 996 Testibna
1432 920 1753 1000 Willelmoabbate

237 1055 283 1129 de
300 1053 422 1129 Scona
440 1095 449 1114 ·
469 1052 648 1128 Willelmo
665 1053 711 1129 de
729 1052 866 1128 Boscho
882 1053 1091 1129 cancellario
1107 1052 1189 1129 meo
1217 1097 1226 1114 ·
1250 1052 1412 1130 Walterc
1427 1054 1501 1130 filio
1517 1031 1628 1131 Alani
1642 1059 1752 1135 senas-

237 1186 347 1264 callo·
366 1187 527 1264 Henrico
540 1189 587 1264 de
598 1186 800 1289 Baylcyhes
814 1231 822 1248 ·
841 1187 1004 1264 Waltero
1018 1188 1064 1264 da
1080 1188 1112 1261 F
1112 1188 1258 1263 ontibus
1273 1231 1282 1248 ·
1301 1188 1462 1264 Hem-ico
1479 1189 1524 1264 de
1544 1189 1752 1292 Streuyllyn

237 1320 311 1397 filio
327 1321 470 1397 comitia
485 1321 609 1396 David
636 1365 645 1382 ·
676 1321 843 1398 Johanne
860 1322 906 1397 de
925 1321 1035 1424 Haya
1064 1361 1075 1384 ·
1096 1320 1265 1397 Waltero·
1277 1321 1411 1397 Gumin
1441 1361 1450 1382 ·
1479 1321 1688 1399 Alexandro
1705 1326 1750 1402 de

239 1453 407 1530 setona·
433 1453 613 1529 Willelmo
630 1454 676 1529 de
693 1453 885 1555 Lyndesay
902 1453 976 1528 filio
993 1452 1145 1528 Walteri
1170 1454 1216 1529 de
1240 1454 1449 1556 Lindesay·
1476 1457 1573 1557 apud
1595 1455 1750 1532 Scobam
1868 1439 1869 1442 Ἴ

237 1590 365 1690 quinto
381 1588 441 1664 die
456 1588 618 1688 Januarij
640 1631 648 1649 ·

241 1965 487 2068 Confirmatio
504 1990 643 2065 comitia
660 1989 813 2065 Roberti
831 2031 839 2048 ·

179 2257 223 2328 16
241 2231 437 2334 Uninersis
466 2259 581 2334 sanae
598 2260 738 2342 ttlatria
766 2256 907 2334 coeletia
936 2256 1017 2331 filiis
1045 2255 1115 2331 hoc
1143 2257 1311 2360 scriptum
1340 2261 1463 2337 visuris
1491 2225 1547 2339 vel
1576 2265 1749 2342 audituris

147 2403 152 2412 '
236 2391 418 2466 Robertun
436 2389 531 2465 filius
552 2390 709 2467 Gilberti
732 2391 870 2466 comitia
890 2392 936 2465 de
959 2389 1175 2491 Stratheryn
1196 2405 1356 2468 eternam
1378 2395 1417 2469 in
1437 2395 1582 2472 domino
1602 2395 1749 2474 salutem

235 2525 392 2601 Nouerit
414 2524 618 2600 rniuerfitan
636 2526 750 2600 vestra
768 2551 826 2599 me
848 2523 1001 2599 fideliter
1019 2523 1207 2624 promisisse
1230 2539 1267 2602 et
1287 2525 1459 2630 meipsum
1486 2529 1650 2632 obligafl'e
1666 2557 1750 2632 erga
1776 2597 1780 2604 .

235 2659 433 2760 dompnum
451 2657 701 2734 Innocentium
717 2659 883 2732 abbatem
900 2670 938 2732 et
953 2671 1171 2766 conuentum
1188 2658 1233 2733 de
1252 2659 1371 2737 Insula
1386 2663 1563 2745 ‹oiffamm
1579 2663 1651 2741 fide
1668 2691 1749 2742 mea

233 2792 440 2892 interposita
455 2790 493 2866 in
509 2817 620 2866 manu
636 2791 785 2890 dompni
800 2788 973 2864 Abbrahe
989 2789 1143 2890 episcopi
1158 2789 1421 2870 Dnnblanensie
1435 2821 1554 2871 coram
1565 2797 1648 2872 viria
1658 2798 1749 2874 fide-

234 2925 352 3026 dignie
368 2924 499 3001 scilicet
516 2924 680 3001 Gilbertc
694 2923 941 2999 archidiacono
957 2921 1205 2999 Dunblanenfi
1322 2941 1358 3004 et
1375 2928 1529 3005 Oristino
1545 2930 1653 3005 fratre
1671 2933 1748 3033 ejus

234 3057 416 3133 Dnncano
441 3055 515 3132 filio
542 3056 625 3131 Ade
649 3055 759 3139 milite
782 3056 829 3132 de
853 3056 936 3156 ffyff
959 3053 1078 3138 ‹oilifio
1108 3055 1291 3133 senescallo
1316 3059 1362 3135 de
1391 3060 1605 3163 Stratheryn
1629 3062 1748 3139 Bricio

235 3193 381 3291 persona
399 3190 446 3266 de
473 3189 591 3266 Oreffe
613 3203 651 3264 et
682 3178 820 3272 &lalisio
846 3186 920 3261 filio
947 3187 1026 3286 ejus
1049 3185 1227 3269 alakbeth
1247 3187 1376 3264 Jndice
1399 3205 1435 3265 et
1464 3191 1585 3267 multia
1610 3193 1687 3268 aliie
1709 3194 1747 3268 in

235 3326 377 3402 ecclesa
404 3328 451 3400 de
472 3324 642 3428 Strageth
665 3325 761 3425 quod
786 3348 990 3424 nnncqnam
1017 3322 1056 3396 in
1078 3337 1156 3399 tota
1174 3322 1247 3396 vita
1273 3347 1354 3396 mea
1378 3321 1556 3422 prelatum
1580 3325 1746 3401 abbatem

236 3458 291 3535 vel
301 3473 518 3535 conuentum
528 3459 657 3557 injusta
668 3457 805 3532 vexabo
819 3455 937 3531 Immo
949 3455 1040 3556 ipson
1052 3470 1224 3553 tanquam
1237 3453 1370 3527 amicos
1383 3479 1479 3530 meos
1491 3455 1746 3556 specialissimos

236 3591 381 3694 diligam
397 3593 488 3668 etin
506 3589 603 3665 omni
618 3588 697 3665 loco
713 3587 894 3662 honorabo
911 3600 949 3661 et
964 3586 1111 3661 domum
1128 3585 1324 3687 prodiciam
1340 3583 1443 3660 saluis
1458 3587 1541 3684 juro
1558 3588 1745 3666 ethonore

236 3755 317 3805 meo
340 3743 407 3830 'per
431 3725 612 3803 confilium
636 3723 833 3799 amicornm
857 3746 1019 3795 meomm
1048 3735 1223 3820 qnantum
1249 3733 1376 3822 potero
1404 3722 1597 3797 accrescam
1626 3736 1663 3798 et
1692 3723 1745 3820 eia

237 3863 396 3938 ecclesias
420 3859 580 3936 chassn
598 3857 696 3934 etde
715 3854 884 3956 Strogeth
905 3868 942 3930 et
962 3880 1085 3930 omnes
1102 3853 1189 3929 alias
1210 3852 1370 3930 ecclesiae
1395 3869 1506 3930 terrae
1527 3855 1745 3957 poffeffionea

235 3996 417 4073 libertates
436 3991 664 4070 rectitudines
684 3987 955 4067 consuetudines
979 3989 1194 4089 ayliamcnta
1216 4002 1252 4064 et
1281 3987 1437 4063 decimae
1462 3989 1683 4066 omnimodae
1708 4007 1746 4069 et

237 4145 356 4206 cetera
379 4127 499 4205 omnia
523 4152 593 4227 que
621 4125 661 4200 in
687 4123 793 4200 cartis
818 4121 1057 4224 prenominati
1086 4122 1225 4198 comitis
1248 4121 1385 4197 domini
1412 4137 1449 4200 et
1475 4126 1587 4226 patria
1611 4128 1683 4203 mei
1708 4143 1745 4203 et

238 4263 328 4338 meis
360 4259 587 4336 continentur
612 4259 700 4332 licnt
727 4255 852 4331 eedem
882 4268 979 4330 carte
1005 4255 1178 4332 testantur
1204 4253 1358 4355 benigne
1377 4256 1586 4332 ‘concedens
1614 4271 1652 4333 et
1677 4258 1745 4335 hac

238 4407 337 4471 carta
350 4417 433 4469 mea
447 4392 661 4468 confirmans
678 4389 753 4464 eis·
770 4387 837 4463 hec
849 4387 971 4463 omnia
982 4402 1106 4463 contra
1123 4413 1245 4464 omnes
1256 4387 1419 4464 homines
1436 4389 1691 4466 warrantizabo
1708 4404 1745 4466 et

238 4556 299 4606 eoa
315 4527 434 4630 quiete
457 4540 495 4602 et
519 4524 664 4626 pacifice
680 4524 753 4623 ipsa
771 4522 972 4624 pofl'effione
995 4535 1117 4597 tenere
1141 4521 1269 4596 faciam
1287 4561 1296 4582 ·
1316 4521 1483 4598 Preterea
1499 4524 1524 4596 si
1540 4521 1676 4621 aliquid
1692 4523 1744 4598 eie
1858 4513 1862 4520 ’

237 4658 463 4738 latrocinium
478 4659 615 4734 funum
631 4655 760 4757 injuria
773 4652 830 4730 rel
846 4652 986 4728 vexatio
1002 4652 1121 4753 aliqua
1133 4651 1231 4728 illata
1247 4652 1353 4728 fuerit
1365 4655 1561 4752 juncorum
1574 4667 1741 4753 tanquam
