4450 6034
751 534 826 608 DE
856 531 1263 609 INOHAFFERY.
1378 583 1385 602 .
1718 542 1767 618 47

247 771 341 848 torio
373 771 492 845 nostro
521 781 558 843 et
587 764 722 867 capella
750 780 787 842 ct
816 764 893 842 ahie
919 764 1023 841 terris
1053 764 1385 864 circumjacentibus
1413 768 1501 843 ficut
1527 767 1691 844 soffatum
1718 771 1766 844 est

249 905 555 1003 circumquaque·
581 900 725 975 tandem
743 899 859 975 omnis
882 899 926 973 lis
951 913 988 974 et
1014 899 1196 974 contentio
1215 899 1319 999 super
1335 899 1436 975 dictis
1460 901 1565 978 terris
1589 915 1687 978 mota
1710 901 1766 977 vel
1868 981 1872 990 ,

246 1037 432 1134 ,mouenda
458 1036 496 1109 in
520 1034 618 1109 hunc
641 1033 788 1109 modum
814 1031 951 1131 quieuit
976 1031 1139 1108 videlicet
1168 1033 1265 1131 quod
1295 1034 1407 1110 dictus
1438 1036 1617 1112 Trestram
1647 1049 1764 1113 totum

247 1176 308 1271 jus
333 1184 372 1246 et
397 1169 571 1244 clameum
596 1167 692 1268 quod
714 1166 839 1240 habuit
863 1164 919 1240 vel
943 1165 1073 1240 habere
1097 1166 1216 1267 potuit
1241 1167 1279 1240 in
1305 1168 1450 1266 prefatis
1475 1169 1578 1244 terris
1605 1170 1706 1244 nobis
1727 1184 1763 1245 et

251 1304 498 1382 succefl‘oribus
514 1301 639 1378 nostris
655 1328 720 1403 pro
738 1301 772 1376 se
789 1313 825 1377 et
841 1299 1031 1376 heredibus
1047 1301 1117 1374 suis
1133 1301 1172 1374 in
1189 1315 1401 1402 perpetuum
1418 1303 1579 1404 quietum
1597 1303 1761 1382 clamauit

251 1438 346 1514 saluo
370 1440 410 1512 in
435 1433 598 1513 omnihus
619 1436 702 1534 jure
718 1434 854 1509 domini
877 1435 985 1510 nostri
1006 1435 1144 1510 comitis
1165 1436 1210 1511 de
1233 1437 1474 1538 Stratheryn·
1500 1439 1761 1516 Renunciando

252 1597 394 1672 quoque
413 1596 478 1671 pro
501 1568 575 1669 ipso
595 1581 632 1643 et
648 1567 839 1642 heredibus
854 1567 925 1641 suis
947 1567 1146 1667 impetratis
1169 1582 1206 1644 et
1228 1569 1460 1670 impetrandis
1483 1572 1697 1648 omnimodis
1713 1600 1759 1649 ne

253 1703 298 1779 de
322 1719 441 1779 cetero
466 1717 531 1776 u'os
556 1715 618 1776 aut
637 1693 843 1775 successores
869 1702 1003 1774 nostros
1023 1702 1128 1801 super
1151 1701 1251 1778 dictis
1275 1703 1376 1777 terris
1401 1703 1439 1778 in
1464 1731 1592 1806 puram
1618 1719 1654 1781 et
1679 1732 1758 1807 per·

252 1851 398 1938 petuam
414 1849 451 1911 et
466 1831 613 1910 liberam
630 1832 851 1908 elemosinam
868 1832 970 1908 uobis
987 1838 1153 1910 concessis
1170 1848 1207 1910 et
1225 1860 1292 1936 per
1305 1835 1418 1911 multa
1434 1850 1595 1938 tempora
1612 1839 1758 1939 pacifice

252 1966 400 2072 poffcfsrs
424 1968 463 2044 in
484 1967 560 2042 soro
580 1963 707 2068 laycali
729 1964 785 2040 vol
810 1965 961 2041 clericali
984 1966 1132 2067 fatigare
1154 1969 1332 2068 presumat
1357 1985 1366 2029 ὲ
1392 1969 1471 2045 Nos
1495 1996 1578 2045 vero
1601 1971 1757 2072 predicto

253 2103 432 2178 Trestram
457 2114 494 2178 et
518 2101 669 2178 Oristine
691 2098 811 2201 sponse
836 2100 895 2174 fue
920 2115 956 2175 et
977 2100 1168 2176 heredibus
1190 2101 1257 2176 suis
1281 2101 1538 2178 fraternitatem
1560 2105 1756 2187 monasterii

251 2236 358 2312 nostri
374 2237 413 2310 in
429 2235 645 2310 orationibus
662 2233 857 2309 elemosinis
872 2233 1071 2334 martilogio
1086 2248 1123 2310 ot
1144 2236 1270 2311 ceteris
1293 2236 1396 2312 bonis
1414 2262 1483 2336 que
1499 2236 1630 2312 sinerint
1645 2263 1756 2338 gene-

251 2371 370 2448 mliter
386 2397 452 2472 pro
470 2369 704 2446 confratribus
720 2368 846 2444 uostris
862 2368 1046 2444 caritatine
1062 2370 1289 2444 concessimus
1312 2383 1349 2445 et
1370 2369 1439 2446 hoo
1454 2370 1550 2446 idem
1567 2369 1755 2446 heredibus

250 2505 405 2606 ipsorum
426 2503 650 2577 concedimus
671 2502 696 2573 fi
721 2499 789 2575 hoc
813 2499 996 2575 caritatiue
1020 2499 1187 2600 petierint
1212 2543 1221 2564 ·
1249 2500 1487 2577 Oonceffimus
1506 2502 1618 2578 'etiam
1639 2502 1753 2578 eidem

251 2635 431 2710 Treftram
453 2646 491 2710 ct
513 2631 704 2708 heredibus
728 2632 797 2706 suis
822 2644 997 2730 quatenus
1021 2632 1059 2706 in
1084 2631 1185 2707 nobis
1212 2634 1262 2708 est
1287 2633 1384 2734 quod
1407 2633 1561 2710 habeant
1587 2634 1755 2734 capellam

249 2769 347 2842 suam
359 2769 478 2867 inqua
489 2767 539 2843 cis
552 2767 677 2867 possint
687 2763 810 2838 diuina
822 2764 989 2840 celebrari
998 2764 1092 2842 salua
1103 2766 1140 2840 in
1150 2767 1314 2842 omnibus
1330 2768 1588 2872 indempnitate
1601 2770 1755 2844 matricis

250 2902 391 2979 ecclesie
408 2941 418 2962 ·
436 2900 498 2976 Ad
515 2900 582 2976 hec
598 2899 718 2974 omnia
733 2899 927 2999 supradicta
941 2898 1093 2974 fideliter
1117 2901 1188 2974 fine
1206 2899 1287 2974 dolo
1303 2900 1427 2976 siande
1444 2917 1481 2977 et
1496 2901 1755 2978 machinatione

249 3036 369 3136 aliqua
392 3062 458 3137 pro
481 3036 516 3110 se
540 3050 578 3110 et
595 3033 785 3108 heredibus
810 3032 879 3106 suis
907 3032 1123 3108 obseruanda
1148 3060 1213 3134 per
1237 3034 1346 3109 fidem
1369 3034 1465 3110 suam
1488 3063 1629 3112 necnon
1653 3037 1753 3113 tastis

249 3165 466 3243 sacrosanctis
491 3193 556 3267 per
570 3166 826 3240 sacramentum
850 3165 950 3238 suum
970 3164 1151 3265 corporale
1166 3165 1200 3240 se
1223 3164 1391 3267 obligauit
1416 3179 1454 3241 et
1476 3193 1541 3241 nos
1564 3193 1629 3269 pro
1653 3170 1753 3244 nobis

249 3315 286 3377 ct
305 3300 550 3376 successoribus
572 3298 696 3372 nostris
718 3298 812 3372 idem
832 3297 978 3372 fecimus
999 3337 1009 3358 ·
1033 3297 1077 3372 Iu
1098 3299 1201 3400 cujus
1222 3299 1273 3374 rei
1292 3299 1530 3374 testimonium
1552 3299 1635 3374 huic
1658 3315 1753 3377 carte

249 3434 297 3507 ad
312 3432 459 3506 modum
475 3429 697 3531 cyrography
712 3429 866 3504 consecto
881 3431 1078 3505 remanenti
1093 3431 1345 3531 inperpetuum
1361 3453 1471 3530 penes
1488 3455 1553 3506 nos
1570 3447 1606 3506 et
1622 3433 1753 3508 succes-

248 3567 341 3641 sores
358 3566 492 3640 noftros
508 3563 657 3664 sigillum
673 3564 756 3638 dicti
774 3563 952 3637 Trestram
972 3579 1009 3638 et
1026 3564 1160 3639 domini
1176 3561 1304 3647 matini
1321 3563 1457 3639 comitis
1474 3565 1520 3640 de
1539 3565 1751 3668 Stratheryn

248 3701 328 3774 suut
344 3699 498 3800 appensa
513 3711 550 3773 et
565 3697 659 3799 parti
683 3698 881 3773 remanenti
905 3725 1014 3800 penes
1031 3700 1163 3774 dictum
1188 3699 1359 3774 Tristram
1384 3713 1420 3774 et
1444 3699 1592 3775 herodes
1614 3701 1691 3776 suos
1710 3702 1751 3775 ‘in

249 3843 462 3931 perpetuum
478 3812 626 3930 sigillum
642 3855 830 3904 commune
848 3829 992 3930 capituli
1009 3830 1115 3905 nostri
1132 3844 1168 3904 et
1179 3829 1385 3905 venerabilis
1402 3831 1511 3932 patris
1529 3832 1678 3907 Roberti
1694 3833 1751 3908 dei

249 3964 362 4064 gratia
378 3961 639 4037 Dunblanensrs
656 3962 808 4064 episcopi
826 3962 907 4036 sunt
923 3963 1075 4063 appensa
1092 4005 1101 4022 ·
1119 3961 1258 4038 Datum
1273 3963 1371 4065 apud
1394 3964 1549 4038 Insulam
1566 3963 1750 4046 miliarum

250 4095 307 4170 die
316 4095 423 4170 sandi
432 4094 613 4170 Valentini
629 4095 782 4170 martiris
798 4122 892 4171 anno
904 4095 1017 4197 gratie
1032 4094 1212 4171 millesimo
1230 4105 1308 4171 cc¹²o
1323 4097 1532 4204 sexagesimo
1549 4099 1646 4178 sexto
1664 4143 1673 4164 ·
