4450 6034
731 573 811 650 DE
844 573 1244 653 INCHAFFERY.
1699 581 1744 663 17

232 821 305 883 tres
326 831 465 892 mareas
486 805 534 884 de
552 807 693 919 Dunyn
713 823 750 885 et
769 807 931 910 quinque
952 833 1087 889 marma
1109 807 1156 885 de
1180 807 1334 884 Petoorn
1359 822 1396 884 et
1418 807 1466 885 ad
1487 777 1615 887 festum
1636 809 1746 888 senui

233 939 332 1016 Petri
348 939 448 1040 quod
463 939 595 1016 dieitur
609 940 800 1017 aduinoula
815 941 1020 1040 proximum
1034 941 1184 1042 sequens
1194 955 1347 1042 quatuor
1359 966 1496 1018 mareas
1513 941 1558 1018 de
1575 941 1744 1044 tbauugio

232 1073 278 1148 de
297 1073 463 1176 Dunyne
486 1099 556 1174 que
582 1073 685 1150 nobis
706 1099 773 1175 pro
799 1063 958 1150 tenellis
974 1074 1053 1150 dari
1075 1073 1335 1150 consueuerant
1357 1073 1464 1149 etad
1486 1074 1612 1150 festum
1636 1073 1744 1151 santb

232 1203 386 1287 (limini
410 1205 451 1280 in
475 1231 582 1305 yeme
606 1219 680 1281 tres
703 1229 840 1290 mareas
864 1204 909 1280 de
933 1204 1097 1308 Dunyne
1122 1218 1160 1280 et
1184 1204 1342 1306 quinque
1365 1230 1501 1286 matoes
1521 1205 1568 1282 de
1584 1205 1745 1282 Petlsarn

232 1350 353 1438 preter
384 1337 514 1440 viginti
545 1362 681 1423 mareas
714 1363 802 1439 quas
834 1337 984 1440 predibti
1014 1327 1082 1412 riri
1111 1335 1264 1439 religiosi
1297 1338 1397 1440 prius
1431 1339 1665 1441 optinuerunt
1698 1339 1744 1415 de

231 1467 378 1571 Dunyn
396 1495 443 1546 ex
464 1470 561 1547 douo
581 1469 710 1553 malini
730 1469 911 1571 quondam
931 1469 1026 1545 bene
1047 1468 1218 1545 memorie
1240 1469 1351 1571 patris
1372 1470 1479 1546 nostri
1496 1471 1688 1548 Tenendas
1708 1485 1745 1547 et

232 1600 415 1676 habendas
430 1601 606 1703 proditius
623 1600 752 1702 viginti
772 1627 909 1676 mareas
931 1625 1069 1676 annuas
1087 1601 1127 1675 in
1147 1599 1314 1702 preditlis
1332 1599 1420 1676 loeis
1439 1600 1686 1704 percipiendas
1706 1615 1745 1678 vt

232 1733 432 1837 prediblum
449 1737 499 1810 eli
515 1733 561 1808 de
577 1733 680 1809 nobis
696 1749 734 1810 et
749 1732 940 1809 heredibus
956 1733 1082 1809 nostris
1097 1734 1156 1810 lou
1173 1733 1349 1835 affignatis
1365 1732 1429 1810 fibi
1446 1747 1482 1808 et
1499 1733 1746 1808 luoeeflbribus

232 1868 302 1943 suis
318 1868 411 1944 bene
428 1867 466 1942 in
481 1893 570 1969 paee
588 1867 639 1942 ita
654 1868 765 1943 libero
777 1867 896 1969 quiete
911 1867 1071 1969 plenarie
1083 1881 1121 1944 et
1132 1867 1327 1944 honorilice
1340 1868 1427 1942 licut
1443 1865 1569 1967 aliquis
1585 1866 1747 1942 redditus

231 2000 278 2075 ab
293 1997 414 2098 aliquo
431 1999 561 2075 comite
576 1997 633 2074 vel
656 1999 789 2076 barone
804 1999 844 2073 in
860 2025 972 2101 reguo
990 1999 1111 2076 Sentio
1126 1999 1303 2101 aliquibus
1318 1997 1401 2073 viris
1417 1996 1584 2100 religiolis
1600 1997 1746 2074 liberius

231 2130 391 2233 quietius
412 2129 554 2231 plenius
576 2143 613 2205 et
634 2129 926 2207 honorificentius
948 2130 987 2206 in
1008 2129 1158 2208 liberam
1174 2157 1303 2233 puram
1326 2143 1594 2232 etporpetuam
1614 2129 1747 2208 elemo-

232 2265 348 2338 linum
363 2261 442 2336 dari
457 2260 589 2363 poterit
605 2275 643 2337 et
658 2261 704 2336 ab
720 2261 802 2363 iplis
822 2261 936 2338 teneri
959 2276 997 2338 et
1018 2263 1181 2364 polidori
1209 2306 1219 2324 ·
1248 2263 1388 2340 Ceteris
1410 2263 1518 2339 etiam
1535 2261 1692 2338 artiuslis
1708 2277 1746 2340 et

234 2391 488 2470 donationibus
517 2394 686 2469 omnibus
714 2410 752 2470 et
778 2391 924 2496 lingulis
952 2393 1030 2468 aliis
1058 2395 1098 2468 in
1129 2394 1237 2470 ourtis
1266 2395 1360 2470 bono
1389 2393 1559 2470 memorie
1589 2393 1747 2470 Gilberti

233 2528 362 2632 proaui
377 2528 487 2605 nostri
503 2542 540 2604 ot
561 2527 696 2628 &lalisij
715 2528 827 2630 patris
846 2529 954 2604 nostri
970 2527 1152 2629 quondam
1169 2528 1340 2604 comitum
1356 2529 1402 2604 de
1423 2526 1639 2629 Stratheryn
1657 2553 1745 2604 oon-

234 2660 345 2738 tentis
374 2674 569 2762 augmenta
597 2673 636 2737 et
664 2660 884 2737 incrementa
917 2686 991 2736 non
1023 2659 1254 2762 tangentibus
1282 2660 1343 2736 luo
1372 2661 1498 2737 robore
1528 2659 1744 2735 duraturis·

234 2795 315 2869 Nos
342 2819 426 2869 vero
452 2807 490 2870 et
514 2792 663 2870 heredes
691 2794 800 2869 nostri
817 2810 865 2896 .⁰l
893 2793 1053 2895 allignati
1084 2795 1261 2895 proditius
1291 2792 1419 2895 viginti
1445 2816 1580 2877 mareas
1609 2793 1746 2895 prefato

235 2927 445 3006 monasterio
468 2941 505 3004 et
524 2929 703 3006 omonieis
725 2928 893 3030 predialis
908 2930 996 3004 liout
1011 2927 1211 3031 prediblum
1231 2928 1282 3004 est
1298 2940 1424 3003 eontra
1445 2951 1569 3002 omnes
1584 2925 1747 3002 homines

236 3077 273 3139 et
294 3062 446 3138 feminas
467 3062 778 3138 warantizabimus
806 3061 1086 3163 aequistabimus
1116 3075 1153 3138 ot
1181 3063 1448 3162 imperpetuum
1477 3058 1746 3136 defendemus·

236 3194 287 3270 Et
306 3208 350 3270 nt
368 3193 437 3270 beo
459 3195 578 3270 nostra
592 3193 739 3271 donatio
755 3195 925 3270 oonoeffio
940 3208 978 3270 et
993 3193 1164 3295 presentis
1181 3205 1278 3270 oarte
1291 3193 1409 3268 nostre
1425 3193 1647 3268 confirmatio
1664 3218 1748 3294 per·

236 3340 346 3429 potue
373 3327 553 3402 firmitatis
580 3327 687 3402 robor
714 3325 901 3428 optineant
928 3325 1072 3428 presens
1095 3324 1266 3428 seriptum
1290 3323 1392 3426 ligilli
1416 3323 1524 3401 nostri
1548 3324 1746 3402 munimine

235 3461 508 3538 roborauimus·
536 3459 620 3534 Hiis
649 3460 797 3536 testibus
825 3459 1017 3536 venerabili
1045 3473 1147 3560 patre
1177 3459 1323 3535 domino
1353 3458 1514 3535 Roberto
1543 3457 1603 3533 dei
1631 3459 1746 3560 gratia

100 3667 106 3683 ,
236 3589 846 3694 episeopoDunblaneuli·magistro
859 3591 1001 3668 Thema
1013 3591 1169 3691 ejusdem
1178 3590 1248 3668 loci
1258 3588 1588 3691 dooanomagistro
1598 3589 1744 3691 Augus-

236 3724 313 3801 tino
328 3722 573 3799 Dunblanenli
587 3721 862 3800 archidiaoono·
887 3723 1033 3801 domino
1052 3721 1155 3799 Beda
1176 3739 1312 3799 restore
1339 3720 1480 3798 malie
1505 3721 1551 3796 de
1574 3720 1742 3823 oenybe·

236 3854 543 3933 domiuoPotrioio
553 3856 599 3932 de
609 3855 746 3934 Grame
760 3855 925 3932 ·domino
934 3855 960 3931 J
960 3855 1101 3932 ohanne
1110 3857 1157 3932 de
1169 3853 1377 3958 Strouyllyu
1387 3893 1398 3916 ·
1409 3855 1554 3930 domino
1565 3853 1744 3930 Willelmo

238 3989 284 4068 de
299 3989 467 4075 oeorauia
481 3987 554 4066 filio
571 3987 708 4066 domini
724 3987 908 4073 malcolmi
924 3989 970 4067 de
986 3987 1156 4071 oeorauia
1172 3987 1341 4068 militibus
1360 4029 1369 4050 ·
1389 4004 1425 4064 et
1442 3987 1563 4066 multis
1579 3987 1655 4064 aliis
1674 4029 1683 4052 ·
