4450 6034
755 490 834 565 DE
865 487 1272 569 INOHAFFERY.
1713 497 1761 576 27

252 723 348 797 bone
369 721 543 797 memorie
566 721 717 798 Roberti
740 722 850 823 patris
873 723 982 798 nostri
1004 723 1176 800 comitum
1200 724 1247 800 de
1272 723 1487 826 Stratheryn
1513 725 1691 803 canonicis
1717 727 1763 802 de

255 854 381 928 Insula
406 855 593 939 &lidorum
617 856 663 930 ad
687 854 895 931 solutionem
926 856 1146 931 decimarum
1171 858 1331 933 omnium
1357 859 1562 935 reddituum
1591 875 1628 936 et
1654 887 1764 936 cano-

253 1013 336 1062 rum
365 989 566 1064 nostrorum
594 989 632 1063 in
661 992 843 1065 frumento
872 990 986 1065 sarina
1011 993 1122 1067 brasio
1151 1017 1264 1092 grano
1291 993 1397 1068 caseis
1425 993 1592 1068 carnibus
1620 994 1763 1095 piflibus

255 1121 382 1196 auibus
412 1121 660 1197 venationibus
693 1135 729 1196 et
763 1122 928 1196 omnibus
961 1123 1196 1223 cibariisque
1229 1123 1267 1196 in
1297 1124 1394 1198 curia
1426 1125 1543 1199 nostra
1575 1126 1761 1200 annuatim

255 1256 512 1356 expenduntur
539 1257 626 1330 ficut
655 1255 692 1329 in
722 1269 821 1331 carta
850 1271 888 1331 et
915 1256 1184 1333 confirmatione
1217 1257 1452 1355 predislorum
1483 1258 1652 1333 comitum
1682 1285 1760 1359 pre·

256 1389 472 1464 deoefforum
501 1391 700 1464 nostrorum
729 1389 909 1464 canonicis
941 1388 1025 1465 inde
1058 1389 1225 1464 confessis
1258 1388 1397 1489 plenius
1427 1391 1630 1466 continetur
1665 1431 1674 1450 ·
1709 1389 1761 1466 Et

256 1521 419 1620 quamuis
436 1521 530 1595 idem
547 1521 707 1596 canonici
723 1522 761 1594 in
778 1521 885 1620 plena
901 1535 938 1596 et
954 1521 1353 1622 pacifica-predislarum
1365 1521 1582 1597 decimarum
1600 1523 1759 1599 omnium

255 1678 321 1754 per
343 1651 459 1727 multa
480 1667 644 1754 tempora
665 1653 798 1728 suerint
822 1653 1024 1754 pofl‘effione
1049 1653 1152 1728 nobis
1177 1667 1294 1728 tamen
1313 1653 1408 1752 quod
1430 1653 1549 1728 minus
1573 1654 1678 1755 plene
1701 1681 1760 1730 eas

254 1810 319 1887 per
329 1784 503 1860 defectum
512 1785 721 1860 balliuorum
732 1787 929 1861 nostrorum
939 1786 1129 1886 aliquando
1139 1799 1349 1887 receperunt
1358 1813 1466 1886 quam
1476 1788 1598 1888 cepius
1609 1813 1758 1888 grauem

255 1919 494 2019 deposuerunt
507 1918 684 2018 querelam
698 1921 793 1995 vnde
806 1920 889 2031 quia
899 1919 960 2020 pia
970 1934 1054 1994 vota
1066 1933 1253 2019 parentum
1267 1920 1466 1995 nostrorum
1479 1920 1581 1994 nobis
1593 1947 1665 1996 non
1677 1919 1759 1996 licet

254 2050 374 2151 aliquo
394 2052 501 2127 modo
522 2051 714 2153 infringere
730 2053 790 2128 sed
806 2053 927 2154 potius
944 2079 986 2126 ea
1002 2052 1127 2127 diuina
1142 2065 1324 2128 annuente
1341 2052 1561 2153 dispositione
1576 2051 1669 2128 illins
1686 2080 1760 2129 non

254 2183 481 2258 immemores
510 2183 573 2283 qui
601 2183 762 2259 omnium
789 2186 965 2260 bonomm
994 2184 1075 2284 pius
1104 2184 1155 2258 est
1184 2184 1375 2258 retributor
1403 2198 1610 2260 aumentare
1636 2198 1673 2261 et
1700 2187 1759 2286 pio

255 2317 425 2392 desiderio
448 2317 574 2393 eadem
594 2318 803 2392 confirmare
831 2360 839 2376 ·
864 2317 951 2392 hino
970 2317 1020 2391 est
1040 2316 1139 2416 quod
1155 2317 1321 2416 prodistis
1338 2317 1516 2392 canonicis
1533 2343 1598 2418 pro
1614 2318 1760 2394 decimis

253 2450 411 2552 superius
433 2449 623 2526 nominatis
647 2476 735 2550 quas
758 2448 900 2550 singulis
922 2449 1025 2524 annis
1045 2463 1130 2524 ante
1150 2475 1285 2524 annum
1307 2449 1441 2524 domini
1461 2449 1678 2534 ‹udlefimum
1695 2461 1759 2528 oc¹¹¹

255 2582 315 2659 xlm
330 2584 377 2683 vij
401 2623 411 2644 ·
434 2583 473 2657 in
490 2583 588 2658 curia
603 2584 720 2657 nostra
731 2584 825 2684 juste
842 2583 1100 2658 oonsueusmnt
1116 2583 1300 2684 percipere
1316 2583 1442 2684 viginti
1458 2597 1609 2683 quatuor
1625 2609 1759 2661 marcas

254 2717 439 2793 annuatim
455 2717 701 2819 percipiendas
717 2715 881 2791 videlicet
896 2714 1022 2816 viginti
1038 2741 1175 2790 marcas
1191 2714 1237 2789 de
1253 2716 1358 2789 firma
1379 2716 1498 2791 nostra
1517 2717 1614 2818 apud
1631 2717 1760 2796 Dunin

254 2868 291 2929 et
307 2866 460 2953 quatuor
481 2875 619 2925 marcas
636 2850 682 2923 de
700 2848 905 2924 Abruthsen
926 2849 964 2923 in
982 2848 1055 2922 vita
1071 2848 1238 2923 comitisse
1254 2846 1376 2931 matris
1393 2851 1510 2925 nostre
1526 2875 1615 2950 quas
1632 2851 1761 2929 eisdem

254 2987 331 3087 post
350 2985 524 3060 decessum
544 2983 702 3084 ejusdem
725 3009 791 3057 nos
811 2981 868 3056 vel
888 2981 1038 3057 heredes
1060 2980 1169 3056 nostri
1189 2980 1227 3053 in
1246 2979 1316 3055 alio
1339 2996 1435 3057 certo
1455 2980 1531 3056 loco
1555 2997 1591 3058 et
1614 3009 1758 3084 compe-

253 3117 346 3194 tenti
361 3115 536 3192 soluemus
556 3114 785 3189 medietatem
805 3114 853 3188 ad
872 3114 1099 3214 pentecosten
1123 3127 1160 3187 et
1182 3111 1287 3186 sliam
1310 3113 1537 3188 medietatem
1561 3114 1610 3189 ad
1633 3115 1758 3191 sellum

253 3249 348 3325 beati
373 3248 526 3333 martini
549 3247 588 3320 in
611 3272 715 3348 yeme
744 3247 925 3347 quousque
951 3245 1054 3319 nobis
1080 3243 1138 3318 vel
1167 3242 1356 3320 heredibus
1385 3246 1509 3320 nostris
1535 3272 1758 3346 quocumque

248 3384 332 3483 jure
359 3381 521 3456 uberiora
547 3380 643 3455 bona
670 3378 889 3454 accreuerint
918 3379 1129 3477 affignamus
1158 3376 1284 3450 ceteris
1310 3375 1466 3450 articulis
1493 3379 1657 3453 omnibus
1682 3393 1756 3454 tam

253 3515 291 3588 in
318 3512 423 3588 cartis
448 3511 603 3588 Gilberti
628 3509 688 3585 aui
713 3509 821 3584 nostri
849 3533 955 3608 quam
981 3509 1019 3580 in
1044 3506 1312 3582 confirmations
1339 3507 1489 3582 Roberti
1513 3510 1623 3610 patris
1647 3511 1756 3585 nostri

253 3645 432 3724 contentis
464 3645 503 3718 in
537 3644 597 3718 suo
629 3644 755 3718 robore
787 3641 967 3716 duraturis
1000 3639 1159 3716 volentes
1193 3639 1320 3715 eisdem
1354 3641 1531 3717 canonicis
1563 3643 1755 3720 secundum

252 3778 426 3855 bonorum
443 3777 640 3858 nostromm
662 3773 848 3848 annuatim
869 3773 1085 3850 decimarum
1106 3772 1249 3846 suarum
1270 3773 1394 3873 augeri
1417 3773 1614 3874 portionem
1638 3775 1689 3850 Et
1709 3801 1754 3850 ne

121 3899 125 3906 ¹
252 3910 427 4010 preditlos
447 3907 633 3983 canonicos
649 3931 714 4004 per
730 3905 904 3980 defectum
922 3904 1004 3978 dieti
1020 3903 1183 3978 redditus
1199 3903 1268 3976 suis
1285 3901 1443 3979 terminis
1460 3931 1532 3979 non
1548 3903 1649 3981 soluti
1666 3933 1754 3980 con-

253 4043 390 4145 tingere
414 4042 515 4142 poffit
536 4040 742 4139 inpostsrim
767 4063 990 4139 quacumque
1012 4034 1191 4111 caliditate
1215 4037 1356 4138 grauari
1378 4063 1444 4112 nos
1463 4052 1500 4113 et
1521 4037 1617 4112 bona
1635 4038 1752 4114 nostra

253 4174 412 4250 uniuersa
430 4170 664 4273 jurisdidtioni
688 4169 853 4271 Episcopi
874 4166 1137 4243 Dunblanenfis
1162 4167 1224 4266 qui
1247 4193 1313 4266 pro
1337 4181 1496 4269 tempore
1521 4167 1630 4244 fuerit
1655 4170 1751 4244 subi·
1875 4261 1878 4266 Ι

253 4306 364 4382 cimus
388 4319 428 4382 vt
446 4329 512 4378 nos
532 4315 569 4378 et
587 4300 736 4376 balliuos
760 4302 896 4376 nostros
917 4300 964 4375 ad
982 4297 1190 4374 solutionem
1213 4298 1367 4397 preditis
1388 4298 1538 4399 pecunie
1557 4300 1644 4376 licut
1664 4325 1750 4402 pre.

252 4437 384 4512 dietum
409 4437 459 4512 est
485 4458 707 4535 quacumque
733 4433 874 4507 sensura
897 4428 1121 4508 ecelesiastica
1148 4429 1345 4504 decreuerit
1370 4429 1564 4507 monitione
1588 4433 1749 4532 premissa

251 4571 352 4672 poffit
367 4567 578 4671 compellere
604 4609 613 4627 ·
640 4566 686 4641 In
706 4569 808 4666 cujus
828 4563 882 4640 rei
902 4561 1142 4640 testimonium
1163 4559 1247 4635 huic
1269 4559 1396 4662 scripto
1420 4560 1568 4664 sigillum
1591 4566 1751 4648 nostrum
