4450 6034
751 477 830 556 DE
861 477 1266 560 INOHAFFERY.
1714 487 1760 556 31

249 813 389 916 Idicem
397 839 637 918 testimonialis
646 839 883 916 archidiaconi
898 839 1160 916 Dunbisnensis
1177 841 1222 916 de
1239 842 1367 942 viginti
1384 841 1502 919 solidis
1519 843 1727 918 annuatim·

186 1111 230 1180 n
251 1079 391 1182 Pron
418 1106 586 1181 miseriis
613 1103 743 1181 cerni
771 1102 934 1179 fidelibus
963 1130 1028 1178 nos
1056 1103 1274 1186 nicholaum
1306 1106 1352 1180 se
1387 1105 1549 1207 Kynsus
1577 1103 1753 1179 nosos

247 1265 380 1314 conum
405 1237 697 1314 Dunblsnensem
723 1264 789 1338 per
812 1237 1046 1312 instrumente
1074 1235 1257 1314 {intention
1286 1237 1403 1338 sigillis
1431 1235 1685 1314 venerabilium
1713 1237 1751 1311 in

248 1371 390 1448 Christo
406 1384 549 1469 petrum
564 1369 790 1445 dominorum
807 1368 1052 1471 episcoporum
1070 1367 1177 1444 sancii
1199 1369 1350 1444 Andree
1373 1383 1409 1444 et
1428 1367 1693 1444 Dunblnnensis
1713 1381 1751 1443 et

247 1502 384 1577 domini
406 1501 541 1602 Rogeri
563 1499 709 1600 Qninoy
728 1500 867 1574 comitis
889 1499 1052 1601 Wynton
1072 1499 1318 1599 constabillerij
1346 1499 1466 1575 Scotie
1487 1501 1653 1574 roborata
1674 1525 1748 1574 non
1796 1492 1801 1499 ’

247 1631 440 1708 oencellste
467 1657 534 1707 neo
549 1631 588 1705 in
604 1630 722 1732 aliqua
736 1631 788 1706 sui
804 1645 905 1731 perte
920 1630 1051 1706 viciato
1066 1631 1160 1706 bene
1185 1644 1222 1706 et
1240 1631 1406 1706 decenter
1425 1607 1656 1732 cyrogressste
1672 1656 1751 1706 cer-

245 1765 371 1840 tificari
393 1791 459 1840 nos
477 1779 515 1839 et
529 1763 733 1839 successores
749 1765 883 1839 nostros
899 1763 1165 1839 archidiaconos
1188 1762 1473 1840 Dnmblenenses
1492 1762 1640 1836 firmiter
1660 1760 1750 1836 obli-

243 1914 345 2002 gatos
364 1901 480 1975 teneri
502 1899 601 1974 dieis
624 1899 744 1974 abbati
762 1913 799 1973 et
821 1899 1014 1975 concentui
1029 1899 1075 1973 de
1098 1896 1223 1974 Insula
1241 1897 1427 1980 misarum
1445 1910 1481 1972 et
1501 1895 1750 1972 successoribus

243 2035 312 2110 suis
332 2034 371 2108 in
389 2032 514 2132 viginti
533 2031 658 2108 solidos
679 2030 925 2132 sterlingorum
943 2032 1131 2108 annuatim
1156 2027 1333 2106 soluendis
1354 2029 1484 2106 eisdem
1500 2027 1558 2104 rel
1573 2029 1634 2102 suo
1656 2041 1753 2102 certo

243 2167 413 2266 effignnto
434 2164 482 2239 ad
499 2164 625 2238 sestnm
644 2163 751 2240 sandi
774 2161 925 2243 martini
947 2163 985 2238 in
1015 2189 1120 2264 yeme
1146 2161 1244 2262 apud
1268 2160 1428 2262 Nesgnsk
1451 2185 1517 2261 pro
1537 2159 1683 2234 decimis
1712 2172 1749 2234 et

243 2297 409 2372 omnibus
424 2297 530 2370 rebus
546 2292 623 2369 eliis
639 2321 727 2395 ques
744 2293 829 2370 dini
845 2293 982 2368 domini
997 2296 1107 2372 obbas
1124 2311 1161 2373 et
1177 2319 1377 2380 conuentus
1393 2301 1575 2402 percipere
1590 2299 1746 2376 solebant

244 2428 289 2502 de
318 2441 415 2503 terre
444 2451 513 2526 que
538 2425 668 2500 dicitur
697 2425 923 2524 Pettynefine
947 2426 1084 2503 ratione
1108 2431 1250 2510 ecclesie
1277 2435 1337 2511 sue
1363 2434 1408 2510 de
1432 2432 1529 2510 Gan
1553 2431 1683 2508 Christi
1709 2446 1746 2508 et

242 2583 330 2658 quas
350 2583 416 2632 nos
435 2557 646 2655 possidemus
664 2557 802 2632 rationo
821 2555 962 2632 ecclesie
979 2561 1094 2636 nostre
1110 2562 1156 2637 de
1174 2563 1333 2667 Nesgnsk
1349 2565 1464 2667 gretie
1480 2564 1742 2662 compositionis

241 2689 335 2764 inter
353 2688 609 2787 predecessores
632 2689 767 2763 nostros
785 2687 875 2762 fone
893 2689 981 2764 sicut
1003 2689 1196 2768 indentura
1215 2695 1320 2797 super
1340 2697 1410 2774 hoc
1429 2695 1587 2772 consessa
1603 2694 1742 2796 plonius

241 2819 446 2895 continetur
461 2834 499 2894 et
514 2819 583 2895 hoc
599 2820 763 2894 omnibus
779 2845 932 2919 quorum
948 2821 1092 2898 interest
1108 2837 1233 2902 tenore
1246 2827 1465 2925 presencium
1476 2826 1712 2927 significamus
1731 2865 1741 2886 ·

243 2951 289 3026 In
314 2952 418 3050 cujus
441 2952 493 3026 rei
515 2951 755 3027 testimonium
781 2951 1000 3052 presentibus
1025 2953 1177 3054 sigillum
1200 2958 1359 3031 nostrum
1384 2957 1611 3059 apposuimus
1637 2973 1674 3034 et
1703 2960 1741 3034 in

240 3081 444 3158 enidenoius
468 3082 710 3159 testimonium
733 3081 881 3183 sigillum
903 3083 1113 3160 venerabilis
1135 3087 1175 3160 in
1197 3085 1336 3162 Christo
1358 3087 1471 3186 petris
1495 3089 1630 3162 domini
1646 3087 1739 3163 Wil-
1900 3121 1902 3126 ·

238 3212 336 3290 lelmi
365 3214 424 3288 dei
451 3213 567 3313 μή»,
599 3213 750 3314 episcopi
778 3213 1042 3290 Dunblsnensis
1075 3230 1112 3291 et
1146 3216 1282 3292 domini
1311 3215 1501 3293 Laurencii
1534 3219 1658 3319 prioris
1692 3220 1737 3298 de

240 3343 438 3420 Abernethi
466 3343 599 3443 apponi
624 3345 891 3443 proenrcuimns
907 3344 1007 3421 Date
1022 3346 1120 3446 apud
1138 3345 1334 3422 Dunblene
1354 3347 1411 3422 die
1427 3348 1597 3448 mercurij
1626 3392 1635 3408 ·
1661 3353 1696 3447 xj
1725 3391 1735 3412 ·

240 3476 297 3550 die
312 3477 439 3591 rnensis
454 3475 616 3576 Apprilis
637 3503 732 3554 enno
754 3479 799 3552 eb
821 3478 1063 3555 incarnatione
1084 3477 1214 3555 Christi
1233 3477 1416 3557 millesimo
1438 3489 1537 3556 occmo
1559 3481 1736 3582 quinque-

238 3609 368 3710 gesimo
385 3621 540 3684 octeno·

242 3976 363 4078 Corn
377 4002 512 4077 brosine
527 4001 573 4078 de
589 4001 765 4106 Petlandy
783 4044 793 4063 ·

175 4261 223 4332 ce
240 4237 432 4340 Omnibus
466 4264 597 4341 enses
623 4265 786 4342 ereneus
811 4266 952 4365 prees„
979 4265 1149 4368 scriptum
1174 4267 1296 4344 vnn
1324 4269 1379 4344 ve
1409 4269 1584 4348 austun
1611 4272 1731 4352 suen

236 4393 329 4470 filins
347 4395 545 4473 Theobnldi
556 4398 602 4474 do
620 4396 793 4498 Petlsndy
809 4410 970 4474 eternam
986 4397 1024 4472 in
1041 4399 1186 4475 domino
1198 4400 1342 4478 salutem
1362 4445 1370 4464 ·
1390 4401 1431 4478 N
1431 4406 1571 4482 ouerint
1582 4404 1730 4486 vniuersi

234 4551 293 4607 me
308 4553 377 4628 pro
390 4526 501 4606 sdute
515 4529 633 4606 anime
647 4555 728 4608 mee
743 4543 782 4606 et
800 4529 922 4630 sponse
937 4553 1016 4605 mee
1035 4542 1073 4604 et
1088 4528 1342 4604 antecessorum
1361 4555 1522 4608 meorum
1542 4532 1670 4610 dedisse
1692 4551 1732 4612 ot
