<?xml version="1.0" encoding="UTF-8"?>
<!DOCTYPE html PUBLIC "-//W3C//DTD XHTML 1.0 Transitional//EN"
    "http://www.w3.org/TR/xhtml1/DTD/xhtml1-transitional.dtd">
<html xmlns="http://www.w3.org/1999/xhtml" xml:lang="en" lang="en">
 <head>
  <title>
</title>
<meta http-equiv="Content-Type" content="text/html;charset=utf-8" />
  <meta name='ocr-system' content='tesseract 3.04.00' />
  <meta name='ocr-capabilities' content='ocr_page ocr_carea ocr_par ocr_line ocrx_word'/>
</head>
<body>
  <div class='ocr_page' id='page_1' title='image "./liberinsulemiss01innegoog_0153.png"; bbox 0 0 4450 6034; ppageno 0'>
   <div class='ocr_carea' id='block_1_1' title="bbox 763 493 1774 577">
    <p class='ocr_par' dir='ltr' id='par_1_1' title="bbox 763 493 1774 577">
     <span class='ocr_line' id='line_1_1' title="bbox 763 493 1774 577; baseline 0.001 -8"><span class='ocrx_word' id='word_1_1' title='bbox 763 495 841 570; x_wconf 91' lang='lat' dir='ltr'><strong>DE</strong></span> <span class='ocrx_word' id='word_1_2' title='bbox 871 493 1273 572; x_wconf 84' lang='lat' dir='ltr'><strong>INCHAFFERY.</strong></span> <span class='ocrx_word' id='word_1_3' title='bbox 1727 502 1774 577; x_wconf 76' lang='lat'><strong>75</strong></span> 
     </span>
    </p>
   </div>
   <div class='ocr_carea' id='block_1_2' title="bbox 263 727 1775 961">
    <p class='ocr_par' dir='ltr' id='par_1_2' title="bbox 263 727 1775 961">
     <span class='ocr_line' id='line_1_2' title="bbox 263 727 1775 830; baseline 0 -26"><span class='ocrx_word' id='word_1_4' title='bbox 263 730 310 805; x_wconf 88' lang='lat' dir='ltr'><strong>de</strong></span> <span class='ocrx_word' id='word_1_5' title='bbox 329 727 475 828; x_wconf 87' lang='lat' dir='ltr'><strong>Clonyn</strong></span> <span class='ocrx_word' id='word_1_6' title='bbox 491 767 502 787; x_wconf 90' lang='lat'><strong>·</strong></span> <span class='ocrx_word' id='word_1_7' title='bbox 520 727 705 804; x_wconf 81' lang='lat' dir='ltr'><strong>Bernardo</strong></span> <span class='ocrx_word' id='word_1_8' title='bbox 722 727 904 828; x_wconf 79' lang='lat' dir='ltr'><strong>capellano</strong></span> <span class='ocrx_word' id='word_1_9' title='bbox 921 729 968 804; x_wconf 89' lang='lat' dir='ltr'><strong>de</strong></span> <span class='ocrx_word' id='word_1_10' title='bbox 986 727 1126 830; x_wconf 82' lang='lat' dir='ltr'><strong>Kergill</strong></span> <span class='ocrx_word' id='word_1_11' title='bbox 1143 767 1153 788; x_wconf 91' lang='lat'><strong>·</strong></span> <span class='ocrx_word' id='word_1_12' title='bbox 1172 727 1330 828; x_wconf 85' lang='lat' dir='ltr'><strong>Hugone</strong></span> <span class='ocrx_word' id='word_1_13' title='bbox 1352 728 1561 806; x_wconf 82' lang='lat' dir='ltr'><strong>Abbrahem</strong></span> <span class='ocrx_word' id='word_1_14' title='bbox 1582 727 1775 828; x_wconf 80' lang='lat' dir='ltr'><strong>capellanis</strong></span> 
     </span>
     <span class='ocr_line' id='line_1_3' title="bbox 264 857 1441 961; baseline 0.001 -27"><span class='ocrx_word' id='word_1_15' title='bbox 264 859 391 935; x_wconf 83' lang='lat' dir='ltr'><strong>nostris</strong></span> <span class='ocrx_word' id='word_1_16' title='bbox 409 898 419 919; x_wconf 92' lang='lat'><strong>·</strong></span> <span class='ocrx_word' id='word_1_17' title='bbox 437 859 654 961; x_wconf 81' lang='lat' dir='ltr'><strong>Berengario</strong></span> <span class='ocrx_word' id='word_1_18' title='bbox 670 873 708 936; x_wconf 82' lang='lat' dir='ltr'><strong>et</strong></span> <span class='ocrx_word' id='word_1_19' title='bbox 719 858 838 935; x_wconf 81' lang='lat' dir='ltr'><strong>Alsno</strong></span> <span class='ocrx_word' id='word_1_20' title='bbox 851 859 987 936; x_wconf 80' lang='lat' dir='ltr'>clericis</span> <span class='ocrx_word' id='word_1_21' title='bbox 1003 861 1130 936; x_wconf 85' lang='lat' dir='ltr'><strong>nostris</strong></span> <span class='ocrx_word' id='word_1_22' title='bbox 1147 873 1184 936; x_wconf 79' lang='lat' dir='ltr'><strong>et</strong></span> <span class='ocrx_word' id='word_1_23' title='bbox 1200 857 1319 944; x_wconf 72' lang='lat' dir='ltr'><strong>miritis</strong></span> <span class='ocrx_word' id='word_1_24' title='bbox 1335 859 1413 959; x_wconf 80' lang='lat' dir='ltr'><strong>elijs</strong></span> <span class='ocrx_word' id='word_1_25' title='bbox 1432 899 1441 922; x_wconf 91' lang='lat'><strong>·</strong></span> 
     </span>
    </p>
   </div>
   <div class='ocr_carea' id='block_1_3' title="bbox 267 1233 1407 1361">
    <p class='ocr_par' dir='ltr' id='par_1_3' title="bbox 267 1233 1407 1361">
     <span class='ocr_line' id='line_1_4' title="bbox 267 1233 1407 1361; baseline -0.004 -23"><span class='ocrx_word' id='word_1_26' title='bbox 267 1233 390 1338; x_wconf 72' lang='lat' dir='ltr'><strong>Care</strong></span> <span class='ocrx_word' id='word_1_27' title='bbox 405 1258 545 1336; x_wconf 64' lang='lat' dir='ltr'><strong>seuam</strong></span> <span class='ocrx_word' id='word_1_28' title='bbox 561 1259 607 1334; x_wconf 70' lang='lat' dir='ltr'><strong>ue</strong></span> <span class='ocrx_word' id='word_1_29' title='bbox 624 1257 846 1360; x_wconf 63' lang='lat' dir='ltr'><strong>musnay„</strong></span> <span class='ocrx_word' id='word_1_30' title='bbox 862 1260 1125 1336; x_wconf 63' lang='lat' dir='ltr'><strong>summissu</strong></span> <span class='ocrx_word' id='word_1_31' title='bbox 1142 1259 1180 1338; x_wconf 74' lang='lat' dir='ltr'><strong>c</strong></span> <span class='ocrx_word' id='word_1_32' title='bbox 1198 1302 1208 1320; x_wconf 84' lang='lat'><strong>·</strong></span> <span class='ocrx_word' id='word_1_33' title='bbox 1225 1260 1378 1361; x_wconf 75' lang='lat' dir='ltr'><strong>episcopi</strong></span> <span class='ocrx_word' id='word_1_34' title='bbox 1397 1300 1407 1321; x_wconf 84' lang='lat'><strong>·</strong></span> 
     </span>
    </p>
   </div>
   <div class='ocr_carea' id='block_1_4' title="bbox 202 1501 1770 3747">
    <p class='ocr_par' dir='ltr' id='par_1_4' title="bbox 202 1501 1770 3747">
     <span class='ocr_line' id='line_1_5' title="bbox 202 1501 1769 1628; baseline -0.001 -22"><span class='ocrx_word' id='word_1_35' title='bbox 202 1537 247 1616; x_wconf 85' lang='grc'><strong>78</strong></span> <span class='ocrx_word' id='word_1_36' title='bbox 263 1501 460 1606; x_wconf 72' lang='lat' dir='ltr'><strong>Vniuersa</strong></span> <span class='ocrx_word' id='word_1_37' title='bbox 482 1525 595 1600; x_wconf 71' lang='lat' dir='ltr'><strong>sensis</strong></span> <span class='ocrx_word' id='word_1_38' title='bbox 615 1522 735 1608; x_wconf 81' lang='lat' dir='ltr'><strong>metris</strong></span> <span class='ocrx_word' id='word_1_39' title='bbox 755 1521 894 1599; x_wconf 87' lang='lat' dir='ltr'><strong>ecclesie</strong></span> <span class='ocrx_word' id='word_1_40' title='bbox 916 1522 999 1623; x_wconf 88' lang='lat' dir='ltr'><strong>silijs</strong></span> <span class='ocrx_word' id='word_1_41' title='bbox 1018 1525 1159 1622; x_wconf 79' lang='lat' dir='ltr'><strong>presens</strong></span> <span class='ocrx_word' id='word_1_42' title='bbox 1181 1525 1351 1628; x_wconf 81' lang='lat' dir='ltr'><strong>scriptum</strong></span> <span class='ocrx_word' id='word_1_43' title='bbox 1372 1526 1493 1601; x_wconf 89' lang='lat' dir='ltr'><strong>visuris</strong></span> <span class='ocrx_word' id='word_1_44' title='bbox 1518 1527 1576 1602; x_wconf 89' lang='lat' dir='ltr'><strong>vel</strong></span> <span class='ocrx_word' id='word_1_45' title='bbox 1595 1528 1769 1604; x_wconf 80' lang='lat' dir='ltr'><strong>audituris</strong></span> 
     </span>
     <span class='ocr_line' id='line_1_6' title="bbox 265 1653 1770 1736; baseline -0.001 -1"><span class='ocrx_word' id='word_1_46' title='bbox 265 1703 273 1720; x_wconf 92' lang='lat'><strong>·</strong></span> <span class='ocrx_word' id='word_1_47' title='bbox 300 1659 339 1735; x_wconf 82' lang='lat' dir='ltr'>G</span> <span class='ocrx_word' id='word_1_48' title='bbox 365 1702 375 1720; x_wconf 87' lang='lat'><strong>·</strong></span> <span class='ocrx_word' id='word_1_49' title='bbox 399 1657 622 1732; x_wconf 77' lang='lat' dir='ltr'><strong>miseratione</strong></span> <span class='ocrx_word' id='word_1_50' title='bbox 649 1655 773 1730; x_wconf 80' lang='lat' dir='ltr'><strong>diuina</strong></span> <span class='ocrx_word' id='word_1_51' title='bbox 797 1653 937 1730; x_wconf 82' lang='lat' dir='ltr'><strong>ecclesie</strong></span> <span class='ocrx_word' id='word_1_52' title='bbox 965 1654 1230 1736; x_wconf 85' lang='lat' dir='ltr'><strong>Dunkeldensis</strong></span> <span class='ocrx_word' id='word_1_53' title='bbox 1255 1657 1414 1733; x_wconf 84' lang='lat' dir='ltr'><strong>minister</strong></span> <span class='ocrx_word' id='word_1_54' title='bbox 1439 1657 1582 1734; x_wconf 89' lang='lat' dir='ltr'><strong>humilis</strong></span> <span class='ocrx_word' id='word_1_55' title='bbox 1611 1673 1770 1736; x_wconf 81' lang='lat' dir='ltr'><strong>eternam</strong></span> 
     </span>
     <span class='ocr_line' id='line_1_7' title="bbox 262 1789 1769 1894; baseline 0.001 -26"><span class='ocrx_word' id='word_1_56' title='bbox 262 1795 302 1868; x_wconf 92' lang='lat' dir='ltr'><strong>in</strong></span> <span class='ocrx_word' id='word_1_57' title='bbox 319 1792 458 1870; x_wconf 66' lang='lat' dir='ltr'><strong>christo</strong></span> <span class='ocrx_word' id='word_1_58' title='bbox 482 1790 629 1868; x_wconf 78' lang='lat' dir='ltr'><strong>sulutem</strong></span> <span class='ocrx_word' id='word_1_59' title='bbox 656 1831 665 1849; x_wconf 93' lang='lat'><strong>·</strong></span> <span class='ocrx_word' id='word_1_60' title='bbox 690 1789 847 1866; x_wconf 84' lang='lat' dir='ltr'><strong>Nouerit</strong></span> <span class='ocrx_word' id='word_1_61' title='bbox 871 1789 1078 1866; x_wconf 70' lang='lat' dir='ltr'><strong>minorum</strong></span> <span class='ocrx_word' id='word_1_62' title='bbox 1103 1793 1217 1866; x_wconf 79' lang='lat' dir='ltr'><strong>vestra</strong></span> <span class='ocrx_word' id='word_1_63' title='bbox 1240 1819 1306 1868; x_wconf 90' lang='lat' dir='ltr'><strong>nos</strong></span> <span class='ocrx_word' id='word_1_64' title='bbox 1330 1793 1451 1868; x_wconf 78' lang='lat' dir='ltr'><strong>diuino</strong></span> <span class='ocrx_word' id='word_1_65' title='bbox 1474 1794 1615 1894; x_wconf 77' lang='lat' dir='ltr'><strong>pietatis</strong></span> <span class='ocrx_word' id='word_1_66' title='bbox 1635 1795 1769 1870; x_wconf 85' lang='lat' dir='ltr'><strong>intuitu</strong></span> 
     </span>
     <span class='ocr_line' id='line_1_8' title="bbox 262 1924 1768 2025; baseline 0 -21"><span class='ocrx_word' id='word_1_67' title='bbox 262 1927 455 2004; x_wconf 82' lang='lat' dir='ltr'><strong>eoneeffiffe</strong></span> <span class='ocrx_word' id='word_1_68' title='bbox 477 1940 514 2002; x_wconf 85' lang='lat' dir='ltr'><strong>et</strong></span> <span class='ocrx_word' id='word_1_69' title='bbox 532 1925 601 2000; x_wconf 80' lang='lat' dir='ltr'><strong>hnc</strong></span> <span class='ocrx_word' id='word_1_70' title='bbox 620 1937 719 2000; x_wconf 77' lang='lat' dir='ltr'><strong>curte</strong></span> <span class='ocrx_word' id='word_1_71' title='bbox 738 1925 855 1998; x_wconf 82' lang='lat' dir='ltr'><strong>nostre</strong></span> <span class='ocrx_word' id='word_1_72' title='bbox 877 1924 1093 2000; x_wconf 77' lang='lat' dir='ltr'><strong>confirmasse</strong></span> <span class='ocrx_word' id='word_1_73' title='bbox 1109 1925 1288 2001; x_wconf 85' lang='lat' dir='ltr'><strong>ceriffimis</strong></span> <span class='ocrx_word' id='word_1_74' title='bbox 1305 1926 1342 2000; x_wconf 93' lang='lat' dir='ltr'><strong>in</strong></span> <span class='ocrx_word' id='word_1_75' title='bbox 1360 1925 1499 2003; x_wconf 85' lang='lat' dir='ltr'><strong>Christo</strong></span> <span class='ocrx_word' id='word_1_76' title='bbox 1515 1926 1597 2025; x_wconf 85' lang='lat' dir='ltr'><strong>filijs</strong></span> <span class='ocrx_word' id='word_1_77' title='bbox 1614 1928 1768 2004; x_wconf 88' lang='lat' dir='ltr'><strong>dominis</strong></span> 
     </span>
     <span class='ocr_line' id='line_1_9' title="bbox 261 2055 1767 2161; baseline 0 -24"><span class='ocrx_word' id='word_1_78' title='bbox 261 2061 382 2138; x_wconf 81' lang='lat' dir='ltr'><strong>abbati</strong></span> <span class='ocrx_word' id='word_1_79' title='bbox 410 2075 448 2136; x_wconf 80' lang='lat' dir='ltr'><strong>et</strong></span> <span class='ocrx_word' id='word_1_80' title='bbox 475 2057 670 2134; x_wconf 86' lang='lat' dir='ltr'><strong>conuentui</strong></span> <span class='ocrx_word' id='word_1_81' title='bbox 699 2059 745 2133; x_wconf 91' lang='lat' dir='ltr'><strong>de</strong></span> <span class='ocrx_word' id='word_1_82' title='bbox 772 2055 892 2132; x_wconf 83' lang='lat' dir='ltr'><strong>Insule</strong></span> <span class='ocrx_word' id='word_1_83' title='bbox 924 2055 1110 2138; x_wconf 59' lang='lat' dir='ltr'><strong>missarum</strong></span> <span class='ocrx_word' id='word_1_84' title='bbox 1143 2058 1322 2134; x_wconf 76' lang='lat' dir='ltr'><strong>eeclesiam</strong></span> <span class='ocrx_word' id='word_1_85' title='bbox 1350 2059 1396 2134; x_wconf 86' lang='lat' dir='ltr'><strong>de</strong></span> <span class='ocrx_word' id='word_1_86' title='bbox 1428 2059 1650 2161; x_wconf 62' lang='lat' dir='ltr'><strong>meddirdyn</strong></span> <span class='ocrx_word' id='word_1_87' title='bbox 1683 2088 1767 2137; x_wconf 88' lang='lat' dir='ltr'><strong>cum</strong></span> 
     </span>
     <span class='ocr_line' id='line_1_10' title="bbox 262 2190 1768 2294; baseline 0.001 -25"><span class='ocrx_word' id='word_1_88' title='bbox 262 2193 424 2269; x_wconf 91' lang='lat' dir='ltr'><strong>omnibus</strong></span> <span class='ocrx_word' id='word_1_89' title='bbox 443 2192 547 2291; x_wconf 81' lang='lat' dir='ltr'><strong>justis</strong></span> <span class='ocrx_word' id='word_1_90' title='bbox 557 2190 782 2290; x_wconf 81' lang='lat' dir='ltr'><strong>pertinentijs</strong></span> <span class='ocrx_word' id='word_1_91' title='bbox 801 2190 870 2264; x_wconf 88' lang='lat' dir='ltr'><strong>suis</strong></span> <span class='ocrx_word' id='word_1_92' title='bbox 886 2203 924 2266; x_wconf 82' lang='lat' dir='ltr'><strong>et</strong></span> <span class='ocrx_word' id='word_1_93' title='bbox 940 2205 1157 2290; x_wconf 83' lang='lat' dir='ltr'><strong>terramque</strong></span> <span class='ocrx_word' id='word_1_94' title='bbox 1174 2190 1324 2267; x_wconf 79' lang='lat' dir='ltr'><strong>Abthen</strong></span> <span class='ocrx_word' id='word_1_95' title='bbox 1341 2192 1387 2266; x_wconf 86' lang='lat' dir='ltr'><strong>de</strong></span> <span class='ocrx_word' id='word_1_96' title='bbox 1403 2192 1625 2294; x_wconf 69' lang='lat' dir='ltr'><strong>oesddirdyn</strong></span> <span class='ocrx_word' id='word_1_97' title='bbox 1638 2193 1768 2270; x_wconf 83' lang='lat' dir='ltr'><strong>dicitur</strong></span> 
     </span>
     <span class='ocr_line' id='line_1_11' title="bbox 260 2323 1768 2426; baseline 0 -22"><span class='ocrx_word' id='word_1_98' title='bbox 260 2355 343 2404; x_wconf 87' lang='lat' dir='ltr'><strong>cum</strong></span> <span class='ocrx_word' id='word_1_99' title='bbox 359 2326 523 2402; x_wconf 90' lang='lat' dir='ltr'><strong>omnibus</strong></span> <span class='ocrx_word' id='word_1_100' title='bbox 539 2324 764 2426; x_wconf 77' lang='lat' dir='ltr'><strong>pertiuentije</strong></span> <span class='ocrx_word' id='word_1_101' title='bbox 778 2323 848 2399; x_wconf 85' lang='lat' dir='ltr'><strong>suis</strong></span> <span class='ocrx_word' id='word_1_102' title='bbox 866 2366 875 2384; x_wconf 92' lang='lat'><strong>·</strong></span> <span class='ocrx_word' id='word_1_103' title='bbox 894 2324 1086 2400; x_wconf 83' lang='lat' dir='ltr'><strong>Tenendes</strong></span> <span class='ocrx_word' id='word_1_104' title='bbox 1095 2325 1158 2401; x_wconf 81' lang='lat' dir='ltr'><strong>fibi</strong></span> <span class='ocrx_word' id='word_1_105' title='bbox 1174 2341 1211 2402; x_wconf 84' lang='lat' dir='ltr'><strong>et</strong></span> <span class='ocrx_word' id='word_1_106' title='bbox 1227 2326 1550 2402; x_wconf 80' lang='lat' dir='ltr'><strong>suceefi&#39;oribussuis</strong></span> <span class='ocrx_word' id='word_1_107' title='bbox 1561 2327 1607 2402; x_wconf 92' lang='lat' dir='ltr'><strong>de</strong></span> <span class='ocrx_word' id='word_1_108' title='bbox 1617 2328 1718 2403; x_wconf 88' lang='lat' dir='ltr'><strong>nobis</strong></span> <span class='ocrx_word' id='word_1_109' title='bbox 1731 2343 1768 2404; x_wconf 87' lang='lat' dir='ltr'><strong>et</strong></span> 
     </span>
     <span class='ocr_line' id='line_1_12' title="bbox 259 2458 1767 2560; baseline 0.001 -24"><span class='ocrx_word' id='word_1_110' title='bbox 259 2461 508 2538; x_wconf 80' lang='lat' dir='ltr'><strong>suceefi&#39;oribus</strong></span> <span class='ocrx_word' id='word_1_111' title='bbox 538 2459 664 2534; x_wconf 82' lang='lat' dir='ltr'><strong>nostris</strong></span> <span class='ocrx_word' id='word_1_112' title='bbox 693 2458 731 2532; x_wconf 91' lang='lat' dir='ltr'><strong>in</strong></span> <span class='ocrx_word' id='word_1_113' title='bbox 757 2472 973 2558; x_wconf 81' lang='lat' dir='ltr'><strong>perpetuum</strong></span> <span class='ocrx_word' id='word_1_114' title='bbox 999 2458 1039 2532; x_wconf 91' lang='lat' dir='ltr'><strong>in</strong></span> <span class='ocrx_word' id='word_1_115' title='bbox 1063 2459 1143 2534; x_wconf 82' lang='lat' dir='ltr'><strong>rsus</strong></span> <span class='ocrx_word' id='word_1_116' title='bbox 1169 2460 1248 2535; x_wconf 89' lang='lat' dir='ltr'><strong>suos</strong></span> <span class='ocrx_word' id='word_1_117' title='bbox 1274 2459 1438 2560; x_wconf 89' lang='lat' dir='ltr'><strong>proprios</strong></span> <span class='ocrx_word' id='word_1_118' title='bbox 1464 2473 1572 2559; x_wconf 81' lang='lat' dir='ltr'><strong>prout</strong></span> <span class='ocrx_word' id='word_1_119' title='bbox 1595 2461 1633 2536; x_wconf 91' lang='lat' dir='ltr'><strong>in</strong></span> <span class='ocrx_word' id='word_1_120' title='bbox 1660 2464 1767 2538; x_wconf 83' lang='lat' dir='ltr'><strong>cartis</strong></span> 
     </span>
     <span class='ocr_line' id='line_1_13' title="bbox 260 2588 1767 2692; baseline -0.001 -21"><span class='ocrx_word' id='word_1_121' title='bbox 260 2592 513 2672; x_wconf 78' lang='lat' dir='ltr'><strong>venerabilium</strong></span> <span class='ocrx_word' id='word_1_122' title='bbox 554 2589 729 2666; x_wconf 83' lang='lat' dir='ltr'><strong>Johennis</strong></span> <span class='ocrx_word' id='word_1_123' title='bbox 770 2588 920 2664; x_wconf 79' lang='lat' dir='ltr'><strong>Rierrdi</strong></span> <span class='ocrx_word' id='word_1_124' title='bbox 952 2589 1130 2666; x_wconf 80' lang='lat' dir='ltr'><strong>Johennis</strong></span> <span class='ocrx_word' id='word_1_125' title='bbox 1165 2592 1331 2692; x_wconf 82' lang='lat' dir='ltr'><strong>Hugonis</strong></span> <span class='ocrx_word' id='word_1_126' title='bbox 1372 2593 1653 2692; x_wconf 74' lang='lat' dir='ltr'><strong>predecessorum</strong></span> <span class='ocrx_word' id='word_1_127' title='bbox 1688 2597 1767 2672; x_wconf 89' lang='lat' dir='ltr'><strong>nos-</strong></span> 
     </span>
     <span class='ocr_line' id='line_1_14' title="bbox 259 2723 1767 2828; baseline 0.002 -24"><span class='ocrx_word' id='word_1_128' title='bbox 259 2743 396 2804; x_wconf 87' lang='lat' dir='ltr'><strong>trorum</strong></span> <span class='ocrx_word' id='word_1_129' title='bbox 412 2724 553 2828; x_wconf 78' lang='lat' dir='ltr'><strong>plenius</strong></span> <span class='ocrx_word' id='word_1_130' title='bbox 569 2723 701 2799; x_wconf 81' lang='lat' dir='ltr'><strong>dicitur</strong></span> <span class='ocrx_word' id='word_1_131' title='bbox 721 2723 898 2799; x_wconf 83' lang='lat' dir='ltr'><strong>contineri</strong></span> <span class='ocrx_word' id='word_1_132' title='bbox 924 2764 935 2784; x_wconf 91' lang='lat'><strong>·</strong></span> <span class='ocrx_word' id='word_1_133' title='bbox 959 2737 1081 2800; x_wconf 78' lang='lat' dir='ltr'><strong>retem</strong></span> <span class='ocrx_word' id='word_1_134' title='bbox 1103 2739 1141 2800; x_wconf 83' lang='lat' dir='ltr'><strong>et</strong></span> <span class='ocrx_word' id='word_1_135' title='bbox 1157 2739 1296 2826; x_wconf 79' lang='lat' dir='ltr'><strong>gratam</strong></span> <span class='ocrx_word' id='word_1_136' title='bbox 1318 2726 1490 2802; x_wconf 83' lang='lat' dir='ltr'><strong>hebentes</strong></span> <span class='ocrx_word' id='word_1_137' title='bbox 1514 2730 1704 2826; x_wconf 84' lang='lat' dir='ltr'><strong>pronubis</strong></span> <span class='ocrx_word' id='word_1_138' title='bbox 1730 2745 1767 2807; x_wconf 80' lang='lat' dir='ltr'><strong>et</strong></span> 
     </span>
     <span class='ocr_line' id='line_1_15' title="bbox 259 2855 1766 2960; baseline 0.003 -25"><span class='ocrx_word' id='word_1_139' title='bbox 259 2858 504 2938; x_wconf 83' lang='lat' dir='ltr'><strong>suceefforibus</strong></span> <span class='ocrx_word' id='word_1_140' title='bbox 520 2858 646 2933; x_wconf 82' lang='lat' dir='ltr'><strong>nostris</strong></span> <span class='ocrx_word' id='word_1_141' title='bbox 659 2857 795 2957; x_wconf 79' lang='lat' dir='ltr'><strong>quitum</strong></span> <span class='ocrx_word' id='word_1_142' title='bbox 813 2855 1060 2934; x_wconf 76' lang='lat' dir='ltr'><strong>clamationem</strong></span> <span class='ocrx_word' id='word_1_143' title='bbox 1083 2857 1225 2959; x_wconf 81' lang='lat' dir='ltr'><strong>[quem]</strong></span> <span class='ocrx_word' id='word_1_144' title='bbox 1252 2873 1325 2934; x_wconf 77' lang='lat' dir='ltr'><strong>tam</strong></span> <span class='ocrx_word' id='word_1_145' title='bbox 1351 2860 1561 2934; x_wconf 81' lang='lat' dir='ltr'><strong>venerabilis</strong></span> <span class='ocrx_word' id='word_1_146' title='bbox 1587 2864 1766 2960; x_wconf 69' lang='lat' dir='ltr'><strong>predisius</strong></span> 
     </span>
     <span class='ocr_line' id='line_1_16' title="bbox 259 2963 1766 3092; baseline 0.003 -24"><span class='ocrx_word' id='word_1_147' title='bbox 259 3034 269 3055; x_wconf 92' lang='lat'><strong>·</strong></span> <span class='ocrx_word' id='word_1_148' title='bbox 289 2993 357 3068; x_wconf 89' lang='lat' dir='ltr'><strong>H·</strong></span> <span class='ocrx_word' id='word_1_149' title='bbox 376 3017 484 3092; x_wconf 79' lang='lat' dir='ltr'><strong>quam</strong></span> <span class='ocrx_word' id='word_1_150' title='bbox 505 2988 700 3088; x_wconf 81' lang='lat' dir='ltr'><strong>capitulum</strong></span> <span class='ocrx_word' id='word_1_151' title='bbox 724 2987 978 3064; x_wconf 86' lang='lat' dir='ltr'><strong>Dunkeldense</strong></span> <span class='ocrx_word' id='word_1_152' title='bbox 997 2989 1144 3090; x_wconf 76' lang='lat' dir='ltr'><strong>prefatis</strong></span> <span class='ocrx_word' id='word_1_153' title='bbox 1168 2990 1290 3066; x_wconf 77' lang='lat' dir='ltr'><strong>abbati</strong></span> <span class='ocrx_word' id='word_1_154' title='bbox 1308 3004 1346 3066; x_wconf 85' lang='lat' dir='ltr'><strong>et</strong></span> <span class='ocrx_word' id='word_1_155' title='bbox 1366 2963 1560 3067; x_wconf 84' lang='lat' dir='ltr'><strong>conuentui</strong></span> <span class='ocrx_word' id='word_1_156' title='bbox 1582 2995 1766 3072; x_wconf 79' lang='lat' dir='ltr'><strong>caritatiue</strong></span> 
     </span>
     <span class='ocr_line' id='line_1_17' title="bbox 257 3121 1765 3205; baseline 0.004 -6"><span class='ocrx_word' id='word_1_157' title='bbox 257 3125 419 3202; x_wconf 80' lang='lat' dir='ltr'><strong>feceruut</strong></span> <span class='ocrx_word' id='word_1_158' title='bbox 439 3166 448 3186; x_wconf 92' lang='lat'><strong>·</strong></span> <span class='ocrx_word' id='word_1_159' title='bbox 474 3123 527 3197; x_wconf 73' lang='lat' dir='ltr'><strong>Vt</strong></span> <span class='ocrx_word' id='word_1_160' title='bbox 542 3121 608 3196; x_wconf 88' lang='lat' dir='ltr'><strong>hec</strong></span> <span class='ocrx_word' id='word_1_161' title='bbox 624 3135 745 3196; x_wconf 77' lang='lat' dir='ltr'><strong>eutem</strong></span> <span class='ocrx_word' id='word_1_162' title='bbox 761 3123 878 3196; x_wconf 76' lang='lat' dir='ltr'><strong>nostre</strong></span> <span class='ocrx_word' id='word_1_163' title='bbox 896 3122 1064 3197; x_wconf 84' lang='lat' dir='ltr'><strong>coneeffio</strong></span> <span class='ocrx_word' id='word_1_164' title='bbox 1087 3122 1310 3198; x_wconf 80' lang='lat' dir='ltr'><strong>confirmatio</strong></span> <span class='ocrx_word' id='word_1_165' title='bbox 1330 3146 1470 3199; x_wconf 85' lang='lat' dir='ltr'><strong>necnon</strong></span> <span class='ocrx_word' id='word_1_166' title='bbox 1494 3139 1532 3199; x_wconf 85' lang='lat' dir='ltr'><strong>et</strong></span> <span class='ocrx_word' id='word_1_167' title='bbox 1557 3125 1765 3205; x_wconf 78' lang='lat' dir='ltr'><strong>ratihabicio</strong></span> 
     </span>
     <span class='ocr_line' id='line_1_18' title="bbox 257 3253 1766 3360; baseline -0.001 -27"><span class='ocrx_word' id='word_1_168' title='bbox 257 3257 386 3333; x_wconf 86' lang='lat' dir='ltr'><strong>suturis</strong></span> <span class='ocrx_word' id='word_1_169' title='bbox 403 3255 624 3355; x_wconf 78' lang='lat' dir='ltr'><strong>temporibus</strong></span> <span class='ocrx_word' id='word_1_170' title='bbox 649 3253 821 3328; x_wconf 73' lang='lat' dir='ltr'><strong>inuiolata</strong></span> <span class='ocrx_word' id='word_1_171' title='bbox 835 3268 1042 3352; x_wconf 78' lang='lat' dir='ltr'><strong>permaneat</strong></span> <span class='ocrx_word' id='word_1_172' title='bbox 1061 3253 1145 3340; x_wconf 88' lang='lat' dir='ltr'><strong>huic</strong></span> <span class='ocrx_word' id='word_1_173' title='bbox 1160 3255 1290 3352; x_wconf 85' lang='lat' dir='ltr'><strong>scripto</strong></span> <span class='ocrx_word' id='word_1_174' title='bbox 1306 3255 1454 3356; x_wconf 82' lang='lat' dir='ltr'><strong>sigillum</strong></span> <span class='ocrx_word' id='word_1_175' title='bbox 1471 3258 1630 3332; x_wconf 85' lang='lat' dir='ltr'><strong>nostrum</strong></span> <span class='ocrx_word' id='word_1_176' title='bbox 1653 3285 1766 3360; x_wconf 82' lang='lat' dir='ltr'><strong>appo-</strong></span> 
     </span>
     <span class='ocr_line' id='line_1_19' title="bbox 257 3384 1764 3491; baseline 0 -25"><span class='ocrx_word' id='word_1_177' title='bbox 257 3392 392 3468; x_wconf 83' lang='lat' dir='ltr'><strong>suimus</strong></span> <span class='ocrx_word' id='word_1_178' title='bbox 409 3432 418 3449; x_wconf 95' lang='lat'><strong>·</strong></span> <span class='ocrx_word' id='word_1_179' title='bbox 436 3389 600 3464; x_wconf 80' lang='lat' dir='ltr'><strong>Testibus</strong></span> <span class='ocrx_word' id='word_1_180' title='bbox 616 3384 769 3461; x_wconf 88' lang='lat' dir='ltr'><strong>dominis</strong></span> <span class='ocrx_word' id='word_1_181' title='bbox 786 3387 927 3463; x_wconf 82' lang='lat' dir='ltr'><strong>Thoms</strong></span> <span class='ocrx_word' id='word_1_182' title='bbox 943 3401 979 3463; x_wconf 84' lang='lat' dir='ltr'><strong>et</strong></span> <span class='ocrx_word' id='word_1_183' title='bbox 997 3427 1008 3448; x_wconf 91' lang='lat'><strong>·</strong></span> <span class='ocrx_word' id='word_1_184' title='bbox 1026 3386 1062 3461; x_wconf 89' lang='lat' dir='ltr'><strong>R</strong></span> <span class='ocrx_word' id='word_1_185' title='bbox 1080 3427 1090 3447; x_wconf 92' lang='lat'><strong>·</strong></span> <span class='ocrx_word' id='word_1_186' title='bbox 1108 3385 1296 3486; x_wconf 77' lang='lat' dir='ltr'><strong>capellanis</strong></span> <span class='ocrx_word' id='word_1_187' title='bbox 1313 3387 1439 3463; x_wconf 89' lang='lat' dir='ltr'><strong>nostris</strong></span> <span class='ocrx_word' id='word_1_188' title='bbox 1459 3431 1467 3448; x_wconf 94' lang='lat'><strong>·</strong></span> <span class='ocrx_word' id='word_1_189' title='bbox 1485 3390 1647 3491; x_wconf 82' lang='lat' dir='ltr'><strong>magistro</strong></span> <span class='ocrx_word' id='word_1_190' title='bbox 1666 3431 1677 3452; x_wconf 91' lang='lat'><strong>·</strong></span> <span class='ocrx_word' id='word_1_191' title='bbox 1694 3391 1764 3465; x_wconf 91' lang='lat' dir='ltr'><strong>W·</strong></span> 
     </span>
     <span class='ocr_line' id='line_1_20' title="bbox 255 3517 1762 3601; baseline -0.002 -1"><span class='ocrx_word' id='word_1_192' title='bbox 255 3521 451 3600; x_wconf 81' lang='lat' dir='ltr'><strong>Johenne·</strong></span> <span class='ocrx_word' id='word_1_193' title='bbox 477 3519 541 3595; x_wconf 89' lang='lat' dir='ltr'><strong>R·</strong></span> <span class='ocrx_word' id='word_1_194' title='bbox 564 3518 787 3594; x_wconf 76' lang='lat' dir='ltr'><strong>camerario·</strong></span> <span class='ocrx_word' id='word_1_195' title='bbox 810 3517 1182 3594; x_wconf 84' lang='lat' dir='ltr'><strong>H·clericisn0stris</strong></span> <span class='ocrx_word' id='word_1_196' title='bbox 1209 3519 1283 3601; x_wconf 71' lang='grc' dir='ltr'><strong>·ᾱ)</strong></span> <span class='ocrx_word' id='word_1_197' title='bbox 1304 3560 1314 3579; x_wconf 83' lang='grc'><em>·</em></span> <span class='ocrx_word' id='word_1_198' title='bbox 1339 3518 1559 3596; x_wconf 83' lang='lat' dir='ltr'><strong>deceno-A</strong></span> <span class='ocrx_word' id='word_1_199' title='bbox 1580 3560 1589 3582; x_wconf 92' lang='lat'><strong>·</strong></span> <span class='ocrx_word' id='word_1_200' title='bbox 1614 3521 1762 3597; x_wconf 89' lang='lat' dir='ltr'><strong>H·R·</strong></span> 
     </span>
     <span class='ocr_line' id='line_1_21' title="bbox 256 3649 1133 3747; baseline -0.006 -18"><span class='ocrx_word' id='word_1_201' title='bbox 256 3653 435 3730; x_wconf 88' lang='lat' dir='ltr'><strong>Willelmo</strong></span> <span class='ocrx_word' id='word_1_202' title='bbox 449 3650 681 3728; x_wconf 81' lang='lat' dir='ltr'><strong>seruientibus</strong></span> <span class='ocrx_word' id='word_1_203' title='bbox 698 3650 823 3725; x_wconf 83' lang='lat' dir='ltr'><strong>nostris</strong></span> <span class='ocrx_word' id='word_1_204' title='bbox 840 3663 877 3724; x_wconf 90' lang='lat' dir='ltr'><strong>et</strong></span> <span class='ocrx_word' id='word_1_205' title='bbox 892 3649 1011 3734; x_wconf 78' lang='lat' dir='ltr'><strong>multis</strong></span> <span class='ocrx_word' id='word_1_206' title='bbox 1027 3649 1105 3747; x_wconf 82' lang='lat' dir='ltr'><strong>alijs</strong></span> <span class='ocrx_word' id='word_1_207' title='bbox 1124 3691 1133 3711; x_wconf 92' lang='lat'><strong>·</strong></span> 
     </span>
    </p>
   </div>
   <div class='ocr_carea' id='block_1_5' title="bbox 192 4025 1764 4416">
    <p class='ocr_par' dir='ltr' id='par_1_5' title="bbox 192 4025 1764 4416">
     <span class='ocr_line' id='line_1_22' title="bbox 260 4025 1370 4150; baseline -0.006 -22"><span class='ocrx_word' id='word_1_208' title='bbox 260 4025 507 4128; x_wconf 76' lang='lat' dir='ltr'><strong>Confirmatio</strong></span> <span class='ocrx_word' id='word_1_209' title='bbox 524 4047 673 4123; x_wconf 71' lang='lat' dir='ltr'><strong>Rimrdi</strong></span> <span class='ocrx_word' id='word_1_210' title='bbox 689 4045 841 4145; x_wconf 76' lang='lat' dir='ltr'><strong>‘episcopi</strong></span> <span class='ocrx_word' id='word_1_211' title='bbox 856 4047 902 4122; x_wconf 87' lang='lat' dir='ltr'><strong>de</strong></span> <span class='ocrx_word' id='word_1_212' title='bbox 918 4046 1068 4122; x_wconf 82' lang='lat' dir='ltr'><strong>Abthen</strong></span> <span class='ocrx_word' id='word_1_213' title='bbox 1084 4046 1130 4122; x_wconf 87' lang='lat' dir='ltr'><strong>de</strong></span> <span class='ocrx_word' id='word_1_214' title='bbox 1147 4047 1343 4150; x_wconf 63' lang='lat' dir='ltr'><strong>mudimyn</strong></span> <span class='ocrx_word' id='word_1_215' title='bbox 1361 4089 1370 4108; x_wconf 92' lang='lat'><strong>·</strong></span> 
     </span>
     <span class='ocr_line' id='line_1_23' title="bbox 192 4289 1764 4416; baseline -0.003 -23"><span class='ocrx_word' id='word_1_216' title='bbox 192 4331 239 4413; x_wconf 80' lang='lat'><strong>79</strong></span> <span class='ocrx_word' id='word_1_217' title='bbox 256 4289 452 4391; x_wconf 77' lang='lat' dir='ltr'><strong>Rimrdus</strong></span> <span class='ocrx_word' id='word_1_218' title='bbox 468 4315 543 4390; x_wconf 87' lang='lat' dir='ltr'><strong>Dei</strong></span> <span class='ocrx_word' id='word_1_219' title='bbox 560 4313 676 4416; x_wconf 76' lang='lat' dir='ltr'><strong>gratis</strong></span> <span class='ocrx_word' id='word_1_220' title='bbox 691 4310 955 4388; x_wconf 82' lang='lat' dir='ltr'><strong>Dunkeldenfis</strong></span> <span class='ocrx_word' id='word_1_221' title='bbox 971 4308 1155 4410; x_wconf 88' lang='lat' dir='ltr'><strong>episeopus</strong></span> <span class='ocrx_word' id='word_1_222' title='bbox 1170 4307 1340 4384; x_wconf 70' lang='lat' dir='ltr'><strong>uniuersis</strong></span> <span class='ocrx_word' id='word_1_223' title='bbox 1356 4309 1469 4384; x_wconf 71' lang='lat' dir='ltr'><strong>senisu</strong></span> <span class='ocrx_word' id='word_1_224' title='bbox 1485 4309 1609 4392; x_wconf 79' lang='lat' dir='ltr'><strong>metris</strong></span> <span class='ocrx_word' id='word_1_225' title='bbox 1624 4309 1764 4388; x_wconf 80' lang='lat' dir='ltr'><strong>ecclesie</strong></span> 
     </span>
    </p>
   </div>
   <div class='ocr_carea' id='block_1_6' title="bbox 254 4440 1765 4676">
    <p class='ocr_par' dir='ltr' id='par_1_6' title="bbox 254 4440 1765 4676">
     <span class='ocr_line' id='line_1_24' title="bbox 254 4440 1765 4548; baseline -0.003 -25"><span class='ocrx_word' id='word_1_226' title='bbox 254 4447 337 4548; x_wconf 86' lang='lat' dir='ltr'><strong>silijs</strong></span> <span class='ocrx_word' id='word_1_227' title='bbox 360 4447 507 4523; x_wconf 81' lang='lat' dir='ltr'><strong>salutem</strong></span> <span class='ocrx_word' id='word_1_228' title='bbox 529 4489 538 4508; x_wconf 93' lang='lat'><strong>·</strong></span> <span class='ocrx_word' id='word_1_229' title='bbox 567 4446 691 4522; x_wconf 80' lang='lat' dir='ltr'><strong>Sciant</strong></span> <span class='ocrx_word' id='word_1_230' title='bbox 714 4445 892 4544; x_wconf 71' lang='lat' dir='ltr'><strong>presentes</strong></span> <span class='ocrx_word' id='word_1_231' title='bbox 907 4457 945 4518; x_wconf 83' lang='lat' dir='ltr'><strong>et</strong></span> <span class='ocrx_word' id='word_1_232' title='bbox 960 4441 1076 4517; x_wconf 84' lang='lat' dir='ltr'><strong>futuri</strong></span> <span class='ocrx_word' id='word_1_233' title='bbox 1092 4467 1158 4516; x_wconf 90' lang='lat' dir='ltr'><strong>nos</strong></span> <span class='ocrx_word' id='word_1_234' title='bbox 1174 4441 1368 4516; x_wconf 78' lang='lat' dir='ltr'><strong>concessisse</strong></span> <span class='ocrx_word' id='word_1_235' title='bbox 1385 4455 1422 4515; x_wconf 81' lang='lat' dir='ltr'><strong>et</strong></span> <span class='ocrx_word' id='word_1_236' title='bbox 1438 4440 1507 4516; x_wconf 84' lang='lat' dir='ltr'><strong>hec</strong></span> <span class='ocrx_word' id='word_1_237' title='bbox 1529 4457 1630 4518; x_wconf 81' lang='lat' dir='ltr'><strong>certe</strong></span> <span class='ocrx_word' id='word_1_238' title='bbox 1648 4445 1765 4518; x_wconf 79' lang='lat' dir='ltr'><strong>nostru</strong></span> 
     </span>
     <span class='ocr_line' id='line_1_25' title="bbox 255 4572 1763 4676; baseline -0.006 -17"><span class='ocrx_word' id='word_1_239' title='bbox 255 4582 475 4659; x_wconf 71' lang='lat' dir='ltr'><strong>confirmasse</strong></span> <span class='ocrx_word' id='word_1_240' title='bbox 491 4580 574 4657; x_wconf 88' lang='lat' dir='ltr'><strong>Deo</strong></span> <span class='ocrx_word' id='word_1_241' title='bbox 589 4596 627 4657; x_wconf 86' lang='lat' dir='ltr'><strong>et</strong></span> <span class='ocrx_word' id='word_1_242' title='bbox 643 4577 783 4656; x_wconf 84' lang='lat' dir='ltr'><strong>ecclesie</strong></span> <span class='ocrx_word' id='word_1_243' title='bbox 800 4577 904 4654; x_wconf 73' lang='lat' dir='ltr'><strong>seniii</strong></span> <span class='ocrx_word' id='word_1_244' title='bbox 922 4577 946 4652; x_wconf 92' lang='lat' dir='ltr'>J</span> <span class='ocrx_word' id='word_1_245' title='bbox 947 4575 1097 4652; x_wconf 81' lang='lat' dir='ltr'><strong>ohannis</strong></span> <span class='ocrx_word' id='word_1_246' title='bbox 1113 4573 1259 4675; x_wconf 80' lang='lat' dir='ltr'><strong>apostoli</strong></span> <span class='ocrx_word' id='word_1_247' title='bbox 1271 4574 1316 4650; x_wconf 89' lang='lat' dir='ltr'><strong>de</strong></span> <span class='ocrx_word' id='word_1_248' title='bbox 1330 4572 1536 4676; x_wconf 83' lang='lat' dir='ltr'><strong>Inchnffryn</strong></span> <span class='ocrx_word' id='word_1_249' title='bbox 1546 4587 1582 4650; x_wconf 84' lang='lat' dir='ltr'><strong>et</strong></span> <span class='ocrx_word' id='word_1_250' title='bbox 1594 4575 1763 4650; x_wconf 80' lang='lat' dir='ltr'><strong>fratribus</strong></span> 
     </span>
    </p>
   </div>
   <div class='ocr_carea' id='block_1_7' title="bbox 0 0 2230 6034">
    <p class='ocr_par' dir='ltr' id='par_1_7' title="bbox 0 0 2230 6034">
     <span class='ocr_line' id='line_1_26' title="bbox 0 0 2230 6034; baseline 0 5"><span class='ocrx_word' id='word_1_251' title='bbox 0 0 2230 6034; x_wconf 95' lang='lat' dir='ltr'><strong> </strong></span> 
     </span>
    </p>
   </div>
  </div>
 </body>
</html>
