4450 6034
476 559 524 628 48
1047 545 1408 624 REGISTRUM

477 857 616 990 1111611
632 913 824 988 indentura
838 913 941 1014 super
959 911 1066 988 terris
1083 911 1130 986 de
1148 909 1350 988 Oambinch
1368 951 1377 970 ·

413 1177 461 1249 48
481 1150 674 1251 Omnibus
698 1174 830 1251 Christi
856 1175 1018 1251 fidelibus
1044 1175 1113 1252 hoc
1139 1174 1307 1276 scriptum
1329 1173 1451 1248 visuris
1475 1171 1531 1249 vel
1552 1173 1726 1248 audituris
1745 1173 1917 1250 Tristram
1941 1177 1985 1249 de

479 1306 625 1407 Gortyn
648 1321 807 1384 eternam
826 1306 863 1381 in
884 1308 1027 1383 domino
1047 1307 1194 1382 salutem
1212 1346 1221 1367 ·
1242 1305 1397 1381 Nouerit
1417 1305 1622 1380 uniuersitas
1646 1307 1760 1380 restra
1781 1306 1878 1405 quod
1904 1332 1983 1380 cum

478 1442 713 1516 controuersia
730 1455 829 1516 mota
848 1441 933 1516 esset
953 1441 1046 1516 inter
1065 1442 1231 1515 abbatem
1248 1453 1284 1514 61
1301 1451 1517 1513 conuentum
1537 1438 1583 1512 de
1604 1437 1722 1514 Insula
1738 1439 1922 1522 missarum
1940 1466 1985 1515 ex

478 1588 579 1673 parte
595 1599 665 1648 vna
681 1586 718 1649 61
733 1600 792 1648 me
808 1600 855 1648 ex
870 1572 981 1648 altera
996 1574 1099 1674 super
1116 1571 1218 1648 terris
1235 1573 1280 1647 dc
1299 1569 1498 1648 Cambinch
1515 1597 1583 1671 que
1600 1597 1646 1646 ex
1663 1572 1809 1648 arbitrio
1825 1574 1982 1649 virorum

477 1705 709 1804 prudentium
721 1706 861 1808 prouisa
874 1706 944 1780 suit
954 1707 1075 1806 jacere
1087 1706 1124 1780 in
1138 1731 1326 1780 commune
1339 1704 1510 1779 internos
1523 1705 1608 1779 sicut
1625 1703 1765 1804 plenius
1782 1709 1983 1784 continetur

478 1838 515 1911 in
531 1838 658 1939 scripto
675 1839 721 1914 de
737 1839 810 1939 ipso
826 1839 970 1914 arbitrio
986 1838 1143 1914 confesso
1159 1852 1197 1914 61
1214 1838 1338 1912 ceteris
1355 1837 1456 1912 terris
1473 1863 1560 1937 quas
1577 1838 1706 1939 prefati
1718 1839 1866 1940 religiosi
1882 1844 1984 1942 116111-

478 1971 611 2046 debant
623 1972 660 2045 in
673 1972 800 2071 quibus
813 1997 879 2071 ego
891 1971 1003 2046 didus
1017 1971 1189 2046 Trislram
1201 1969 1289 2044 mihi
1301 1984 1337 2046 et
1349 1969 1537 2046 heredibus
1549 1972 1637 2046 meis
1651 1971 1745 2074 [jus]
1758 1975 1983 2050 vendicabam

478 2120 515 2177 et
526 2103 682 2178 maxime
694 2103 740 2178 de
753 2103 986 2179 infirmatorio
996 2117 1033 2178 61
1043 2102 1177 2204 capella
1189 2116 1225 2178 61
1237 2101 1313 2178 aliis
1325 2102 1428 2178 terris
1440 2103 1771 2202 circumjacentibus
1783 2108 1871 2182 sicut
1881 2108 1983 2182 fossa-

479 2251 555 2310 tum
573 2236 622 2310 611
638 2236 913 2334 circumquaque
932 2277 941 2296 ·
959 2235 1124 2310 Tandem
1141 2236 1234 2311 inter
1251 2262 1315 2311 nos
1332 2235 1390 2310 (116
1406 2235 1511 2310 saneti
1521 2235 1704 2312 Valentini
1720 2240 1873 2317 martiris
1889 2267 1982 2317 anno

477 2366 591 2466 gratie
600 2364 780 2440 millesimo
790 2376 868 2441 cc¹”⁰
876 2368 1084 2467 sexagesimo
1094 2367 1219 2466 quinto
1231 2366 1363 2468 [secto]
1376 2368 1471 2468 apud
1485 2367 1640 2442 Insulam
1650 2369 1834 2452 missamm
1844 2373 1906 2446 sub
1916 2373 1982 2448 hae

478 2497 591 2572 forma
606 2498 808 2597 conquieuit
824 2498 987 2574 videlicet
1005 2499 1102 2598 quod
1121 2527 1188 2601 ego
1205 2499 1316 2576 dissue
1330 2500 1500 2576 Tristram
1515 2502 1657 2601 promisi
1672 2501 1824 2580 fideliter
1840 2531 1907 2604 pro
1923 2533 1981 2581 me

480 2644 517 2706 61
532 2629 722 2707 herodibus
738 2632 826 2707 meis
843 2631 940 2731 quod
961 2632 1070 2706 didos
1092 2634 1258 2708 abbatem
1281 2649 1318 2708 61
1338 2647 1556 2710 conuentum
1579 2649 1616 2710 et
1638 2661 1763 2712 eorum
1785 2638 1991 2715 successores

482 2763 519 2835 in
535 2776 749 2864 perpetuum
766 2763 976 2864 indempnes
992 2763 1241 2840 conseruarem
1258 2767 1296 2839 in
1313 2766 1477 2840 omnibus
1494 2765 1538 2841 dc
1555 2765 1735 2844 sorissadlis
1752 2772 1937 2846 oommiffis
1954 2785 1990 2848 61

482 2892 745 2970 committendis
771 2894 809 2968 in
835 2895 936 2970 curia
961 2895 1097 2970 domini
1126 2896 1264 2971 comitis
1294 2897 1339 2972 de
1369 2895 1587 2997 Stratheryn
1611 2901 1789 2976 occasione
1814 2903 1990 2978 omnimo-

483 3027 610 3101 darum
626 3029 903 3104 conuentionum
918 3043 1097 3104 motarum
1114 3028 1209 3104 inter
1225 3055 1290 3104 nos
1306 3030 1410 3131 super
1426 3030 1526 3106 (111111
1547 3033 1653 3106 terris
1676 3046 1713 3108 61
1734 3033 1811 3109 aliis
1834 3062 1992 3112 conuen-

484 3160 638 3236 tionibus
662 3175 699 3236 ct
723 3161 968 3238 controuersiis
994 3160 1099 3262 super
1124 3161 1252 3261 quibus
1278 3161 1368 3264 ipsos
1393 3163 1439 3238 ad
1459 3162 1635 3262 judicium
1661 3166 1755 3240 traxi
1779 3168 1934 3246 seculare
1956 3186 1991 3246 et

483 3306 599 3367 totum
611 3295 672 3391 jus
687 3321 808 3369 meum
825 3293 921 3393 quod
937 3293 1045 3369 habui
1060 3291 1117 3368 vel
1134 3293 1265 3370 habere
1281 3295 1383 3396 potui
1405 3295 1444 3368 in
1465 3296 1612 3396 prefatis
1633 3298 1738 3374 terris
1755 3300 1856 3376 (111116
1873 3304 1990 3380 abbati

482 3437 520 3498 et
542 3425 735 3499 conuentui
755 3424 800 3499 de
827 3424 947 3498 Insula
973 3423 1158 3506 missarum
1184 3449 1250 3526 pro
1276 3451 1333 3498 me
1353 3441 1390 3500 et
1416 3423 1607 3501 heredibus
1629 3428 1718 3503 meis
1738 3429 1990 3532 inperpetuum

486 3557 624 3656 quitum
647 3556 797 3632 6111111111
813 3555 906 3633 saluo
929 3557 966 3631 in
983 3557 1146 3632 omnibus
1158 3559 1242 3654 jure
1258 3554 1392 3631 domini
1409 3558 1517 3631 1161111
1534 3558 1671 3633 comitis
1689 3559 1735 3634 (16
1754 3560 1988 3665 Stratheryn·

485 3687 744 3763 Renunciando
764 3673 905 3788 quoquo
924 3713 991 3788 pro
1011 3715 1069 3762 me
1093 3703 1130 3762 61
1151 3687 1343 3762 heredibus
1367 3688 1456 3762 meis
1478 3689 1676 3790 impetratis
1699 3707 1736 3768 et
1757 3693 1989 3795 impetrandis

484 3820 693 3894 omnimodis
711 3847 757 3896 ne
774 3820 820 3895 do
837 3834 956 3896 cetero
972 3821 1111 3895 eosdem
1128 3820 1292 3894 111116111
1309 3834 1345 3895 61
1362 3837 1577 3896 conuentum
1599 3850 1665 3898 nec
1684 3826 1890 3903 successores
1913 3831 1988 3904 suos

480 3955 584 4055 super
600 3953 765 4054 predissis
783 3953 888 4028 terris
905 3953 942 4025 in
959 3978 1088 4053 puram
1103 3952 1252 4028 liberam
1265 3967 1300 4028 61
1314 3969 1524 4054 perpetuam
1538 3954 1751 4032 elimosinam
1764 3960 1815 4034 eis
1828 3966 1988 4040 concessis

483 4104 519 4161 61
531 4112 596 4188 per
612 4085 725 4162 multa
741 4100 903 4184 tempora
914 4087 1059 4186 pacifice
1075 4087 1224 4187 possessis
1241 4087 1278 4160 in
1294 4085 1372 4161 1616
1385 4086 1498 4162 laicali
1515 4088 1663 4189 fatigare
1679 4094 1879 4192 presumam
1899 4140 1908 4158 ·
1926 4098 1987 4172 Ad

483 4220 550 4296 hec
565 4219 684 4294 omnia
699 4218 931 4320 suprascripta
954 4217 1107 4295 fideliter
1131 4222 1202 4296 fine
1228 4219 1310 4294 dolo
1336 4233 1372 4294 et
1396 4219 1522 4296 fraude
1543 4237 1579 4296 et
1596 4223 1856 4304 machinatione
1873 4229 1989 4330 aliqua

483 4379 623 4452 prome
643 4367 680 4427 et
700 4351 891 4428 heredibus
910 4352 1000 4427 meis
1021 4353 1058 4426 in
1078 4367 1294 4455 perpetuum
1318 4353 1534 4429 obseruanda
1553 4381 1619 4456 per
1640 4357 1749 4432 fidem
1771 4387 1887 4436 meam
1911 4391 1988 4440 nec-

486 4512 556 4559 non
574 4483 673 4559 111116
689 4484 909 4559 116161111116
925 4511 992 4586 per
1007 4485 1267 4560 sacramentum
1284 4509 1404 4559 meum
1421 4485 1603 4586 corporale
1619 4461 1848 4592 me'obligaui
1868 4494 1988 4595 sponte

489 4621 671 4722 prestitum
690 4634 726 4695 61
742 4620 825 4696 dissi
841 4621 952 4695 abbas
968 4632 1004 4696 et
1021 4634 1219 4697 conuentus
1236 4619 1330 4696 idem
1346 4619 1509 4698 fecerunt
1528 4665 1536 4682 ·
1555 4622 1707 4700 Predidsi
1723 4651 1809 4701 vero
1825 4629 1934 4706 abbae
1953 4644 1989 4706 ct
