4450 6034
741 555 820 631 DE
852 552 1256 633 INGHAFFERY.

237 897 313 999 De
330 919 447 999 ‹nosto
462 922 509 998 de
526 921 659 999 Fowlis
678 965 687 982 ·

172 1199 219 1270 18
240 1159 439 1264 Gilbertns
464 1213 583 1264 comes
604 1188 651 1264 de
677 1187 890 1288 Stratheryn
910 1187 1075 1262 omnibus
1096 1185 1301 1262 hominibus
1322 1184 1391 1260 suis
1407 1182 1529 1259 amieis
1552 1182 1687 1258 clericis
1708 1196 1745 1257 et

235 1319 333 1396 laicis
350 1319 498 1397 salutem
516 1320 641 1398 Sciant
656 1336 730 1396 tam
745 1321 924 1423 presentes
940 1346 1047 1421 quam
1068 1319 1181 1395 futuri
1203 1345 1262 1395 me
1286 1317 1415 1393 dedisse
1435 1330 1472 1392 et
1494 1315 1689 1392 concessisse
1709 1331 1746 1392 et

236 1453 303 1530 hac
319 1469 418 1531 sarta
433 1480 516 1532 mea
532 1455 749 1531 confirmasse
765 1455 833 1530 deo
858 1468 896 1530 et
916 1455 1032 1530 sande
1054 1452 1212 1529 Johanni
1231 1451 1387 1554 apostolo
1407 1451 1453 1526 de
1478 1449 1598 1526 Insula
1623 1448 1746 1534 miffa-

236 1613 318 1662 rum
343 1601 383 1664 et
409 1587 577 1664 fratribus
605 1588 738 1664 ibidem
764 1588 833 1663 deo
858 1586 1094 1663 seruientibus
1128 1584 1197 1660 tria
1215 1587 1343 1686 jugera
1376 1598 1469 1660 terre
1494 1579 1748 1684 propinquiora

232 1724 341 1821 juxta
364 1721 530 1822 stagnum
555 1721 652 1821 quod
677 1721 778 1796 venit
807 1720 853 1796 de
881 1719 1039 1821 predicta
1066 1717 1177 1793 insula
1199 1719 1297 1819 apud
1321 1715 1451 1792 Fowlis
1476 1715 1513 1790 in
1539 1726 1748 1816 perpetuam
1790 1799 1796 1810 ·

238 1855 462 1932 elemosinam
477 1855 588 1932 libere
604 1867 642 1932 et
663 1856 783 1956 quiete
798 1855 861 1929 sibi
883 1853 1050 1929 habenda
1065 1854 1111 1928 ab
1128 1852 1226 1928 omni
1247 1852 1391 1952 penitus
1410 1848 1623 1950 subjedtione
1644 1860 1681 1923 et
1701 1847 1747 1920 ab

238 1989 337 2066 omni
369 1989 486 2066 seruili
518 1990 772 2067 consuetudine
805 2004 842 2064 et
873 1987 1018 2064 seculari
1050 1985 1230 2063 seruieio·
1261 1984 1385 2074 Quare
1411 1981 1491 2058 volo
1520 1995 1557 2057 et
1589 1980 1747 2082 precipio

172 2188 178 2195 .
237 2123 407 2224 quatinus
419 2125 598 2225 predictus
616 2123 767 2200 Sandius
783 2138 820 2199 et
836 2123 962 2198 fratres
979 2122 1017 2196 in
1036 2120 1194 2223 prediola
1211 2118 1323 2195 insula
1339 2118 1407 2194 deo
1424 2117 1660 2192 ministrantes
1678 2115 1748 2190 tria

238 2256 488 2359 prenominata
515 2259 645 2358 jugera
671 2256 763 2332 adeo
787 2255 898 2332 libere
928 2269 965 2330 et
993 2254 1112 2356 quiete
1138 2253 1295 2330 habeant
1321 2267 1358 2327 et
1384 2263 1531 2326 teneant
1564 2249 1650 2324 siout
1677 2243 1748 2322 vlla

239 2384 427 2462 elemosina
441 2385 481 2460 in
497 2399 574 2461 tota
588 2399 683 2461 terra
706 2385 827 2462 Scotie
849 2384 995 2460 liberius
1016 2399 1054 2461 et
1075 2383 1230 2486 quietius
1247 2397 1390 2461 tenetur
1409 2397 1446 2460 et
1465 2383 1618 2458 habetur
1642 2421 1654 2441 ·
1681 2378 1747 2452 Hii

238 2519 321 2594 sunt
336 2518 443 2594 testes
468 2559 478 2579 ·
505 2517 632 2595 Simon
649 2519 832 2620 episcopus
848 2516 1113 2593 Dunblanensss
1137 2558 1147 2580 ·
1173 2517 1336 2600 matildis
1354 2515 1523 2593 comitissa
1538 2514 1585 2590 de
1603 2511 1747 2590 Struth-

239 2656 331 2752 eryn
366 2691 376 2713 ·
412 2649 599 2728 Gilbertus
623 2650 718 2727 silius
743 2651 883 2726 comitis
913 2650 1069 2728 Gilberti
1104 2694 1115 2711 ·
1151 2649 1378 2728 Gilleneuam
1403 2647 1540 2752 dapifer
1572 2645 1710 2724 comitis
1738 2687 1746 2704 ·

238 2780 420 2858 Ricardus
435 2781 639 2884 capellanus
655 2784 797 2862 comitis
815 2825 825 2846 ·
843 2783 1026 2860 Johannes
1043 2781 1191 2860 clericus
1208 2781 1345 2858 comitis
1363 2823 1373 2842 ·

245 3156 367 3258 (tara
382 3180 492 3258 nass
508 3181 554 3257 re
570 3180 785 3257 arnonus
801 3181 847 3256 <10
865 3222 875 3243 ·
892 3180 953 3256 xvi
971 3223 980 3242 ·
998 3182 1116 3256 acra.

184 3452 229 3526 19
246 3420 440 3524 Omnibus
474 3445 607 3523 Ohristi
639 3447 803 3523 fidelibus
836 3448 901 3524 has
933 3448 1056 3525 literas
1089 3447 1211 3523 visuris
1248 3448 1305 3524 uel
1334 3447 1509 3524 audituris
1536 3445 1675 3521 Bricius
1703 3444 1748 3520 de

243 3580 459 3656 Androssarm
478 3593 639 3656 eternam
663 3579 702 3654 in
726 3581 873 3657 domino
897 3581 1045 3658 salutern
1065 3580 1221 3659 Nouerit
1242 3579 1447 3656 vniuerlitas
1470 3577 1583 3654 vestra
1604 3602 1662 3652 me
1684 3601 1750 3678 pro

243 3712 353 3790 hluto
376 3712 495 3788 anime
520 3739 600 3789 mee
624 3727 662 3789 et
683 3713 821 3790 domini
845 3715 916 3790 mei
937 3712 1067 3796 utalifii
1093 3713 1188 3790 bone
1211 3711 1382 3790 memorie
1405 3710 1586 3814 quondam
1612 3707 1750 3785 comitis

244 3845 291 3922 de
314 3844 530 3945 Stratheryn
552 3859 590 3920 at
604 3845 860 3920 antecefforum
881 3872 1043 3922 meorum
1060 3859 1098 3922 et
1115 3846 1257 3921 suorum
1274 3843 1406 3920 dedisse
1422 3841 1615 3918 concessisse
1631 3855 1667 3918 et
1683 3839 1752 3916 hac

245 3976 398 4079 presenti
426 3990 525 4051 carta
550 3977 768 4053 confirmasse
793 3977 832 4052 in
857 3993 1071 4080 perpetuum
1103 3977 1173 4053 deo
1205 3990 1244 4053 et
1275 3977 1379 4052 beate
1412 3973 1530 4059 marie
1563 3987 1600 4049 et
1631 3973 1751 4050 sancto

246 4106 405 4186 lohanni
436 4106 592 4206 apollolo
624 4122 662 4184 et
691 4106 904 4210 euangelista
936 4123 974 4184 et
998 4108 1121 4185 abbati
1141 4121 1179 4184 et
1200 4105 1394 4185 conuentui
1418 4104 1465 4182 de
1485 4103 1604 4181 Insula
1627 4104 1751 4188 wiffa-

246 4265 328 4314 mm
353 4253 533 4317 eteorum
555 4239 800 4330 successoribus
821 4238 899 4316 illas
922 4240 1099 4316 sexdecim
1124 4265 1223 4316 acras
1246 4254 1340 4316 terre
1369 4237 1456 4315 citas
1475 4238 1581 4339 juxta
1605 4251 1751 4339 pontem

248 4369 413 4447 abbathie
446 4395 492 4446 ex
524 4382 627 4472 parte
653 4369 818 4448 orientali
846 4371 885 4448 in
913 4397 1039 4473 eampo
1072 4371 1136 4472 qui
1167 4384 1314 4448 vocatur
1341 4369 1535 4472 Langflath
1568 4395 1649 4447 cum
1683 4367 1752 4444 suis

248 4501 412 4580 omnibus
428 4501 654 4603 pertinentiis
670 4516 707 4579 et
723 4503 947 4606 aydamentis
962 4528 1051 4604 quas
1067 4501 1212 4603 quidem
1229 4500 1403 4578 sexdecim
1418 4527 1517 4578 acrae
1532 4515 1627 4578 terre
1639 4499 1753 4576 dietus

248 4634 413 4712 dominus
428 4659 530 4712 meos
543 4632 701 4718 stauflus
716 4634 810 4712 bone
825 4633 995 4711 memorie
1019 4633 1199 4734 qnondam
1222 4657 1339 4710 comes
1359 4631 1404 4708 de
1428 4631 1641 4736 smneryn
1666 4633 1753 4710 mihi
