4450 6034
483 573 531 643 32
1055 564 1415 642 REGISTRUM

483 797 674 872 oonoeffisse
690 810 727 872 et
743 797 810 872 hao
827 812 926 873 carta
941 822 1022 872 mea
1038 797 1255 872 confirmasse
1268 797 1335 872 deo
1353 811 1388 872 et
1400 796 1503 872 beate
1520 797 1637 880 marie
1651 811 1686 872 et
1703 797 1819 904 santio
1833 797 1987 872 Johanui

483 929 638 1030 apostolo
675 930 713 1002 in
748 929 866 1006 Insula
900 929 1085 1014 miffamm
1119 953 1258 1004 necnon
1293 927 1413 1002 abbati
1445 941 1482 1002 et
1515 928 1708 1003 conuentui
1737 929 1895 1028 ejusdem
1923 929 1989 1006 loei

484 1075 596 1134 totam
611 1061 785 1134 braiinam
801 1061 910 1135 totius
930 1074 1024 1136 terre
1046 1059 1091 1133 de
1116 1057 1292 1158 Petlandy
1317 1083 1400 1131 eum
1422 1057 1587 1132 omnibus
1607 1057 1830 1134 libertatibus
1848 1061 1989 1159 juribus

484 1203 520 1266 et
537 1191 747 1265 aisiamentis
764 1191 979 1265 omnimodis
990 1189 1082 1264 insra
1091 1187 1211 1263 villam
1228 1202 1265 1265 et
1281 1203 1382 1264 extra
1398 1189 1445 1263 ad
1457 1189 1585 1264 diblam
1602 1204 1734 1265 terram
1751 1191 1797 1267 de
1814 1191 1989 1292 Petlandy

484 1322 718 1423 spedantibus
733 1322 790 1399 rol
805 1323 960 1424 spediure
976 1320 1174 1398 vdentibus
1191 1322 1262 1396 fine
1278 1319 1396 1419 aliquo
1415 1333 1660 1396 retenemento
1686 1361 1697 1382 ·
1724 1321 1937 1398 Tenendum
1953 1339 1989 1398 et

484 1455 684 1530 habendam
699 1456 812 1532 sibiet
828 1455 1075 1531 suecessoribus
1091 1454 1161 1528 suis
1177 1467 1214 1528 et
1226 1453 1401 1554 alligastis
1418 1465 1455 1527 et
1471 1478 1596 1528 eorum
1611 1454 1803 1530 heredibus
1820 1456 1866 1530 de
1878 1481 1936 1532 ma
1952 1469 1989 1531 et

485 1587 673 1662 heredibus
688 1588 778 1662 meis
794 1588 832 1660 in
849 1613 976 1686 puram
992 1599 1029 1662 et
1048 1600 1259 1688 perpetuam
1277 1582 1500 1660 elemosinam
1514 1583 1624 1660 libere
1640 1599 1677 1662 et
1694 1585 1814 1684 quiete
1830 1588 1876 1661 ab
1893 1587 1988 1661 omni

485 1717 630 1792 seorrlari
650 1718 796 1794 seruieio
815 1718 853 1792 in
873 1731 1086 1819 perpetuum
1110 1761 1120 1778 ·
1143 1718 1223 1818 Ego
1245 1741 1329 1791 vero
1349 1729 1387 1791 et
1408 1715 1558 1790 heredes
1577 1715 1649 1790 mei
1668 1715 1798 1792 didam
1813 1718 1985 1792 brasinam

486 1875 569 1923 oum
592 1849 815 1948 pertinentiis
839 1848 1053 1925 omnimodis
1077 1850 1166 1923 sieut
1189 1845 1388 1949 predidtum
1412 1847 1462 1921 est
1487 1846 1590 1922 ditiis
1612 1846 1778 1948 religiosis
1804 1863 1841 1924 et
1866 1874 1988 1924 sonum

485 1981 732 2056 suoness‘oribus
750 1994 874 2056 eontra
885 2006 1009 2054 omnes
1025 1979 1189 2056 homines
1205 1992 1243 2052 et
1253 1977 1403 2051 seminas
1416 1977 1744 2053 warantizabimus
1760 1992 1988 2080 protegamus

487 2127 524 2188 et
541 2113 773 2189 defendemus
790 2113 828 2187 in
843 2126 1057 2213 perpetuum
1084 2153 1093 2170 ·
1119 2111 1170 2186 Et
1191 2125 1237 2186 vt·
1250 2111 1318 2186 heo
1333 2109 1478 2186 donatio
1495 2125 1627 2186 maaet
1650 2125 1746 2188 carte
1763 2137 1844 2188 moe
1860 2113 1988 2188 confir-

485 2247 599 2320 matio
627 2247 738 2320 robur
761 2245 941 2320 firmitatis
967 2258 1005 2319 et
1028 2242 1225 2318 stabilitatis
1251 2243 1289 2318 in
1316 2241 1416 2318 omni
1444 2242 1602 2319 obtineat
1630 2243 1829 2345 presentem
1856 2259 1988 2322 cartam

486 2403 603 2452 meam
619 2377 718 2478 tigilli
734 2377 806 2451 mei
823 2377 1043 2478 inpressione
1055 2375 1220 2450 roboraui
1238 2413 1248 2436 ·
1267 2374 1350 2448 Hiis
1362 2374 1508 2450 testibus
1520 2374 1682 2474 utagistro
1700 2373 1843 2452 Thema
1854 2376 1987 2454 deonna

487 2508 751 2585 Dunblanenfis
785 2506 926 2587 ecclesie
957 2521 994 2582 et
1026 2507 1199 2606 atagim
1233 2506 1388 2581 Rieardo
1421 2506 1580 2606 ejusdem
1608 2505 1748 2582 eodefie
1782 2510 1987 2584 senonim·

488 2641 634 2716 domino
651 2684 662 2701 ·
679 2642 719 2715 N
736 2682 748 2702 ο
770 2643 905 2716 rudore
926 2639 1067 2719 ecclesie
1088 2640 1134 2715 de
1156 2640 1262 2717 Grese
1284 2683 1293 2700 ·
1310 2639 1458 2714 domino
1474 2680 1485 2702 ·
1502 2640 1528 2714 J
1550 2682 1559 2700 ·
1580 2641 1729 2741 persona
1747 2641 1793 2718 de
1810 2642 1986 2719 Buffidir·

487 2773 640 2849 dominis
657 2774 701 2857 α)
720 2817 729 2835 ·
746 2790 783 2849 et
799 2776 843 2858 u)
860 2814 873 2834 ·
889 2771 1081 2875 capellanis
1100 2771 1245 2847 domine
1262 2771 1431 2848 eomitisse
1448 2811 1458 2834 ο
1480 2771 1651 2849 Trislram
1669 2774 1715 2849 de
1732 2773 1851 2877 Gorty
1868 2814 1879 2837 ·
1898 2775 1987 2850 Wil-

486 2905 595 2982 lelmo
615 2947 626 2968 ·
645 2905 849 2984 Gillioolmo
866 2947 877 2970 ο
894 2922 932 2983 et
947 2905 1071 2982 multis
1086 2905 1163 2981 aliis
1180 2945 1189 2967 ·

492 3278 616 3381 Cara
631 3305 679 3379 n
695 3303 868 3380 camba.

424 3567 473 3637 33
492 3539 686 3642 Omnibus
708 3566 802 3640 hanc
822 3579 957 3640 sartam
973 3563 1097 3636 visuris
1119 3561 1175 3637 vel
1198 3560 1370 3636 audituris
1394 3561 1559 3662 Rogerus
1583 3563 1629 3638 de
1652 3562 1802 3645 &iekseu
1823 3567 1989 3644 dominus

491 3699 536 3774 de
553 3699 678 3774 eadem
694 3697 840 3772 salutem
863 3698 901 3771 in
918 3697 1063 3770 domino
1080 3709 1239 3770 eternam
1263 3737 1271 3753 ·
1296 3693 1482 3768 Noueritis
1505 3719 1564 3770 me
1584 3694 1706 3794 spiritu
1727 3697 1930 3776 denotionis
1948 3729 1989 3778 aa

490 3855 582 3929 pura
597 3841 717 3904 mente
734 3841 772 3904 et
786 3851 885 3901 mera
900 3852 965 3925 pro
978 3825 1088 3900 salute
1104 3826 1223 3900 anime
1240 3849 1320 3898 mee
1342 3824 1534 3900 eonoeffiffe
1558 3826 1687 3902 dedisse
1703 3843 1740 3903 et
1756 3827 1823 3904 bac
1839 3833 1988 3932 presenti

491 3976 588 4037 carta
605 3987 688 4036 mea
707 3959 923 4035 confirmasse
944 3958 982 4031 in
1002 3970 1217 4057 perpetuum
1241 3956 1309 4030 deo
1332 3971 1369 4030 et
1391 3958 1494 4032 beate
1517 3959 1633 4041 marie
1655 3975 1692 4036 et
1710 3961 1815 4038 beato
1832 3964 1990 4042 Johanni

490 4092 644 4195 apostolo
669 4105 706 4168 et
730 4089 941 4191 euangelista
966 4090 1011 4164 do
1037 4088 1157 4164 Insula
1176 4089 1359 4173 miffarum
1378 4114 1420 4164 ao
1444 4087 1578 4166 ddetiis
1597 4093 1685 4168 meis
1707 4096 1826 4171 abbati
1846 4113 1884 4173 et
1908 4125 1988 4176 oon·

489 4226 615 4302 nentui
631 4225 785 4327 ejusdem
801 4222 870 4298 loci
886 4223 924 4296 in
943 4246 1070 4323 puram
1091 4235 1128 4298 et
1152 4234 1361 4322 perpetuam
1383 4219 1603 4298 elemosinam
1624 4238 1735 4300 totam
1755 4241 1793 4303 et
1812 4230 1989 4331 integram

490 4375 618 4436 terram
636 4381 752 4430 msam
773 4355 820 4429 de
844 4353 1000 4430 Oarnibo
1021 4378 1087 4453 per
1105 4353 1219 4430 redies
1238 4365 1351 4428 metas
1373 4352 1451 4427 suas
1468 4364 1507 4428 ot
1522 4353 1651 4430 diuisas
1666 4371 1703 4432 et
1725 4383 1808 4433 eum
1825 4363 1989 4439 omnibus

489 4488 709 4564 libertatibus
735 4485 1044 4562 oommoditatibue
1073 4497 1110 4559 et
1139 4481 1361 4584 aydamentis
1390 4496 1426 4557 et
1455 4483 1666 4560 omnimodis
1690 4489 1915 4587 pertinentiis
1943 4493 1989 4570 ad

492 4623 618 4698 didam
635 4635 765 4697 terram
783 4617 1030 4720 quoquomodo
1045 4615 1282 4717 spatiantibus
1296 4613 1354 4690 vel
1364 4614 1518 4716 spedus
1533 4616 1731 4695 valentibus
1747 4660 1758 4681 ·
1777 4621 1988 4703 Tenendum
