4450 6034
774 567 853 643 DE
883 566 1287 646 INcHAsFERY.
1726 573 1774 647 61

276 799 424 904 Βο111οῩ
441 815 479 877 et
500 803 546 876 fic
569 827 635 900 per
657 799 755 875 illem
770 801 867 876 vium
882 801 1000 876 verius
1017 798 1219 900 aquilonem
1238 799 1344 900 vsque
1365 798 1413 874 sd
1429 813 1560 876 terrem
1583 800 1628 874 (10
1645 799 1774 900 Duny-

272 935 339 1010 dut
357 960 466 1034 quem
493 931 632 1008 Bricius
654 934 701 1008 de
729 933 943 1010 Ardroffane
962 932 1151 1031 quondam
1177 932 1223 1006 (10
1248 957 1306 1005 me
1335 943 1372 1006 et
1395 930 1583 1006 heredibus
1612 929 1702 1006 meis
1727 930 1774 1005 ad

271 1065 514 1142 feodofirmsm
535 1063 653 1138 tenuit
667 1090 739 1137 vna
760 1090 844 1138 cum
866 1063 927 1138 ills
947 1062 1121 1164 pertienls
1143 1077 1237 1138 terre
1254 1089 1324 1163 que
1339 1063 1373 1138 fc
1396 1064 1557 1139 extendit
1573 1064 1618 1138 ab
1636 1064 1773 1140 oriente
1810 1045 1814 1052 ¹

270 1196 387 1270 versus
412 1194 634 1269 occidentem
657 1194 762 1294 vique
786 1195 834 1269 ad
862 1193 1017 1267 riuulnm
1046 1193 1149 1268 illum
1173 1193 1235 1293 qui
1264 1193 1375 1268 currit
1403 1194 1498 1268 inter
1527 1191 1704 1294 Petlcndy
1736 1209 1772 1270 et

271 1326 470 1402 Pethmnne
486 1352 556 1426 qus
573 1326 717 1426 quidem
738 1324 914 1425 perticnln
930 1343 1022 1400 terre
1039 1325 1209 1403 continue
1226 1325 1385 1400 continet
1401 1325 1440 1400 10
1457 1327 1490 1400 se
1507 1341 1660 1425 quatuor
1676 1353 1773 1402 acras

269 1473 362 1535 terre
378 1474 415 1535 et
431 1458 693 1559 aliquantulum
708 1457 790 1560 plus
805 1473 843 1534 et
859 1485 942 1534 cum
953 1459 1090 1532 brnfins
1106 1458 1216 1534 totius
1233 1473 1325 1533 terre
1338 1459 1383 1532 de
1401 1457 1580 1560 Petlandy
1597 1500 1607 1519 ·
1627 1459 1770 1535 Tenen·

270 1593 334 1667 (100
351 1604 388 1668 et
409 1592 591 1667 habendes
607 1592 670 1666 fibi
691 1605 729 1667 et
750 1591 998 1666 suceefforibus
1018 1591 1089 1664 suis
1111 1590 1157 1665 de
1177 1617 1235 1666 me
1256 1605 1292 1665 et
1314 1590 1503 1666 heredibus
1522 1592 1612 1666 meis
1629 1592 1667 1666 10
1689 1619 1773 1694 per·

269 1739 422 1826 petunm
444 1750 526 1798 cum
547 1724 728 1798 communi
750 1724 892 1822 pnsture
906 1725 984 1799 ocio
1000 1749 1187 1798 vaccarum
1210 1736 1245 1798 et
1265 1723 1417 1798 duomm
1438 1748 1610 1820 equorum
1633 1738 1670 1798 et
1691 1751 1772 1798 cum

270 1855 436 1932 omnibus
448 1853 669 1955 sylinmentis
686 1854 779 1928 infre
791 1853 911 1930 sillam
924 1857 970 1930 de
981 1855 1158 1956 Petlandy
1174 1869 1211 1929 et
1228 1869 1329 1930 extra
1344 1855 1382 1928 in
1400 1854 1502 1930 bosco
1519 1867 1556 1928 et
1571 1854 1677 1955 plano
1694 1857 1774 1956 pel-

271 1987 346 2063 cuis
362 1987 471 2061 moris
487 2000 526 2062 et
536 1987 707 2086 marrefijs
719 1987 873 2086 bruerijs
889 1986 1035 2088 petsrijs
1051 1987 1183 2088 stagnis
1200 1986 1300 2086 aquis
1318 2000 1354 2062 et
1366 1985 1578 2062 molendinis
1596 2001 1632 2062 et
1648 1989 1773 2064 ceteris

270 2120 482 2196 niliamentis
499 2119 664 2194 omnibus
679 2120 727 2195 sd
743 2134 874 2194 terrem
886 2120 932 2194 de
949 2119 1127 2220 Petls'ndp
1140 2119 1374 2220 specientibus
1386 2117 1442 2194 sel
1457 2120 1610 2221 spectare
1622 2120 1772 2196 velenti-

271 2254 338 2326 bus
353 2249 463 2326 libere
479 2251 599 2351 quiete
615 2249 773 2350 plenarie
793 2266 830 2326 et
847 2251 1042 2328 honorifice
1058 2252 1109 2325 ite
1125 2251 1222 2350 quod
1247 2275 1368 2325 omnes
1385 2251 1582 2351 supradicte
1601 2251 1773 2352 perticule

270 2398 363 2458 terre
385 2397 461 2457 tam
483 2383 530 2456 de
546 2381 642 2456 donc
662 2381 774 2482 patris
795 2382 867 2456 mei
883 2409 992 2482 quem
1014 2383 1059 2457 dc
1076 2383 1171 2457 (1000
1187 2408 1268 2458 meo
1291 2383 1463 2481 quamde
1484 2381 1577 2458 dono
1600 2381 1708 2483 Bricij
1727 2384 1772 2458 de

269 2513 484 2604 Ardroffene
501 2512 629 2588 eisdem
650 2511 817 2614 religiosis
837 2513 1003 2588 consensu
1020 2540 1100 2589 meo
1117 2527 1155 2588 et
1171 2513 1304 2588 silenis
1320 2513 1410 2589 facio
1427 2514 1473 2589 de
1492 2527 1588 2589 terra
1603 2515 1648 2589 de
1667 2515 1773 2590 Dun-

269 2646 361 2746 pdni
373 2644 474 2719 fimul
496 2646 569 2719 fine
584 2643 703 2744 aliquo
724 2657 969 2721 retenemento
981 2645 1126 2744 jaceant
1143 2645 1352 2720 continuate
1369 2644 1406 2718 in
1423 2659 1637 2746 perpetuum
1660 2685 1670 2706 ·
1692 2646 1772 2748 Ego

267 2804 351 2853 vero
374 2777 495 2853 Lucas
521 2792 559 2854 et
579 2777 730 2852 heredes
751 2777 823 2852 mei
846 2775 942 2852 hnnc
966 2776 1117 2852 eandem
1142 2775 1364 2852 elemolinam
1389 2776 1491 2853 dietis
1505 2777 1683 2880 religiofis
1709 2806 1774 2881 per

268 2937 326 2987 me
350 2911 514 2987 collatam
536 2911 582 2986 (le
601 2911 760 3012 predicis
777 2924 874 2986 terra
892 2911 1034 3009 pastura
1052 2924 1090 2985 et
1109 2911 1250 2984 brafins
1270 2937 1352 2984 cum
1373 2911 1538 2986 omnibus
1563 2913 1772 2989 nilismentis

269 3058 311 3119 vt
342 3043 540 3143 predictum
573 3044 623 3118 est
655 3057 780 3119 contre
812 3068 935 3119 omnes
963 3042 1127 3119 homines
1154 3056 1191 3117 et
1219 3042 1368 3118 feminas
1394 3045 1707 3120 warantizabimus
1736 3063 1772 3122 et

268 3178 498 3252 defendemus
520 3176 559 3249 in
582 3190 793 3275 perpetuum
818 3191 854 3251 et
874 3175 1021 3250 liberam
1044 3190 1082 3252 et
1104 3177 1263 3276 quietem
1278 3179 1323 3251 ab
1340 3179 1438 3252 omni
1461 3205 1568 3254 onere
1590 3181 1771 3258 erectione

267 3323 303 3384 et
326 3309 471 3385 seruitio
495 3307 640 3384 seculari
663 3309 809 3384 omnino
834 3310 1005 3385 faciemus
1030 3349 1041 3369 ·
1066 3309 1146 3410 Ego
1176 3309 1282 3386 etiam
1308 3310 1535 3386 donationem
1563 3315 1673 3413 patris
1700 3317 1769 3390 mei

268 3441 432 3544 predictis
456 3441 621 3542 religiciis
646 3442 692 3518 de
716 3469 787 3517 mo
811 3443 901 3518 tofto
930 3455 967 3517 et
993 3442 1131 3516 duabus
1156 3443 1245 3516 acris
1271 3457 1363 3518 terre
1389 3458 1426 3519 et
1450 3445 1603 3544 quedem
1628 3448 1770 3547 pastura

266 3575 460 3650 fecundum
485 3574 582 3675 quod
611 3574 750 3672 plenius
779 3588 816 3650 et
844 3573 970 3650 melius
996 3575 1201 3650 continetur
1227 3574 1263 3647 in
1290 3590 1389 3651 carta
1416 3603 1523 3676 quam
1553 3578 1636 3654 dicti
1660 3582 1769 3656 abbas

268 3722 304 3783 et
328 3725 526 3783 conuentus
553 3709 688 3783 edicto
713 3746 723 3768 ·
750 3706 785 3781 B
808 3747 817 3767 ·
847 3722 949 3808 patre
973 3734 1054 3787 mec
1077 3708 1207 3782 exinde
1227 3706 1359 3782 habent
1383 3711 1576 3785 confeciam
1596 3739 1667 3788 vnn
1685 3742 1768 3790 cum

267 3857 360 3916 terra
384 3839 431 3916 de
454 3839 639 3941 Dunydui
662 3866 770 3939 quam
794 3839 928 3915 habent
953 3840 1117 3914 (10(1000
1141 3839 1249 3940 Bricij
1269 3840 1314 3915 de
1336 3839 1549 3918 Ardroffcne
1574 3845 1705 3921 affensu
1732 3863 1768 3924 ct

266 3975 432 4050 consensu
454 3999 535 4049 meo
551 3973 642 4048 facie
658 3973 787 4050 eisdem
812 3999 878 4074 pro
900 3999 959 4048 me
983 3987 1020 4048 et
1040 3974 1232 4050 heredibus
1253 3975 1341 4050 meis
1358 3975 1609 4078 inperpetuum
1631 3981 1768 4058 ratifico

265 4121 302 4180 et
317 4106 489 4180 confirmo
507 4145 517 4164 ·
541 4103 588 4177 ln
603 4105 705 4204 cujus
722 4103 774 4178 rei
791 4104 1028 4179 testimonium
1043 4104 1130 4180 huic
1145 4107 1271 4208 scripto
1288 4105 1436 4206 sigillum
1460 4133 1579 4184 meum
1596 4114 1740 4211 apposui
1759 4159 1767 4174 ·

265 4238 349 4338 Hijs
373 4235 521 4314 testibus
541 4234 686 4310 dominc
711 4235 871 4309 Robertc
894 4235 952 4310 dei
975 4236 1090 4336 gratis
1113 4238 1275 4338 episcopo
1301 4237 1545 4316 Dunblancnfi
1572 4286 1580 4302 ·
1606 4245 1768 4344 magistro

265 4367 406 4442 'l'homa
425 4367 583 4466 ejusdem
599 4365 739 4442 00010110
759 4366 894 4441 deceno
916 4409 925 4426 ·
945 4367 1107 4467 magistro
1131 4368 1288 4444 11100010
1311 4370 1357 4445 (10
1382 4369 1589 4474 Streuyllyn
1611 4376 1766 4476 ejusdem

265 4500 403 4576 ecclelie
419 4499 590 4578 00000100
608 4543 618 4561 ·
635 4500 780 4575 dominc
797 4540 807 4560 ·
827 4499 867 4574 N
884 4541 894 4560 ·
911 4501 1044 4575 recture
1066 4500 1206 4576 ecclelie
1222 4502 1268 4577 (10
1286 4502 1392 4578 Orefe
1412 4545 1420 4562 ·
1439 4503 1591 4579 dominis
1609 4545 1618 4566 ·
1646 4507 1685 4583 G
1703 4552 1711 4568 ·
1730 4527 1767 4584 et

266 4678 275 4693 ·
292 4633 328 4707 Y
347 4678 355 4694 ·
373 4635 419 4709 ’(10
443 4631 579 4733 comry
602 4646 639 4709 et
661 4633 707 4708 de
729 4632 902 4734 Buffyder
917 4634 1073 4731 personis
1092 4676 1100 4695 ·
1119 4634 1282 4733 magistro
1299 4635 1442 4738 Rogero
1460 4636 1506 4712 de
1524 4637 1766 4744 Strathburgh
