4450 6034
737 501 815 575 DE
847 501 1255 580 INOHAFFERY.
1705 507 1751 590 71

237 748 338 810 carta
353 761 438 810 mea
454 735 670 810 6661666116
686 733 771 810 Deo
794 748 831 810 et
847 734 988 811 ecclelie
1003 735 1111 810 166111
1132 735 1158 812 J
1160 733 1308 810 ohannis
1324 736 1471 836 apostoli
1487 751 1524 812 61
1542 739 1754 839 euangelista

236 867 283 942 de
301 867 515 969 Inchaffryu
531 882 568 942 61
585 867 763 943 canonicis
779 867 914 942 ibidem
931 867 1014 943 Deo
1031 868 1264 944 seruientibus
1281 868 1505 945 etsemituris
1523 871 1752 948 donationem

236 1000 336 1076 illam
361 1027 471 1100 quam
493 1025 612 1076 comes
636 998 823 1076 Gilbertns
846 1000 892 1074 de
919 999 1133 1102 Stratheryn
1154 1003 1205 1078 eis
1230 1003 1486 1080 rationabiliter
1509 1004 1593 1079 feeit
1613 1007 1658 1080 16
1678 1019 1755 1080 tota

234 1133 394 1208 conada
413 1132 601 1233 Ardewny
619 1133 811 1233 porrectas
828 1131 957 1205 diuisas
977 1133 1106 1206 suaset
1126 1157 1208 1206 cum
1225 1131 1389 1206 omuibus
1407 1132 1510 1230 justis
1526 1132 1751 1233 pertiuentijs

235 1264 304 1337 suis
321 1277 360 1339 61
377 1265 424 1338 16
441 1277 518 1338 1616
533 1277 629 1338 terra
645 1262 691 1337 de
707 1260 955 1362 Achlougsich
971 1288 1036 1361 per
1054 1262 1166 1336 redas
1189 1262 1317 1336 diuisas
1339 1263 1417 1337 suas
1435 1275 1471 1338 61
1488 1289 1570 1338 oum
1587 1263 1751 1339 omnibus

230 1395 336 1495 justis
352 1396 579 1497 pertinentijs
597 1395 665 1468 iuis
682 1408 719 1470 et
736 1395 781 1470 de
798 1406 875 1469 tota
891 1408 988 1469 terra
1003 1394 1049 1470 de
1065 1393 1251 1468 Duffiudir
1267 1419 1332 1494 per
1347 1395 1459 1468 rectas
1476 1395 1603 1470 diuisas
1620 1397 1696 1471 suas
1715 1409 1752 1470 et

235 1557 319 1604 cum
336 1530 504 1606 omnibus
516 1530 619 1631 justis
635 1528 862 1630 pertinentijs
878 1529 950 1603 1616
967 1542 1003 1602 61
1020 1528 1064 1602 16
1081 1527 1141 1602 illa
1157 1541 1251 1604 terra
1267 1528 1312 1603 de
1329 1528 1552 1629 maddirdyn
1569 1555 1639 1628 que
1655 1529 1753 1604 anti·

235 1662 357 1760 quitus
382 1660 532 1736 Abthen
565 1661 758 1735 vocabatur
782 1687 848 1761 per
874 1661 986 1734 retias
1015 1659 1144 1734 diuisas
1172 1660 1249 1734 suas
1279 1672 1315 1734 et
1345 1685 1428 1734 cum
1457 1660 1622 1734 omuibus
1646 1659 1750 1758 justis

234 1794 463 1896 pertinentijs
479 1794 550 1868 1616
562 1836 570 1854 ·
583 1793 794 1869 Tenendum
811 1793 849 1867 in
862 1792 1008 1868 liberam
1025 1817 1152 1892 puram
1168 1805 1205 1866 61
1220 1806 1431 1892 perpetuam
1447 1791 1668 1868 elemolinam
1685 1819 1750 1893 per

233 1929 345 2003 rectas
374 1927 502 2002 diuisas
531 1927 768 2027 predictarum
798 1941 971 2001 terrarum
999 1939 1035 2000 et
1064 1951 1147 2000 cum
1176 1925 1341 2000 omnibus
1366 1925 1414 2000 ad
1437 1927 1610 2026 predictas
1636 1940 1747 2002 terras

229 2060 322 2156 juste
348 2057 608 2158 pertinentibus
630 2057 683 2132 ita
707 2057 817 2132 libere
845 2071 883 2132 61
912 2056 1032 2156 quiete
1060 2055 1218 2155 plenarie
1247 2069 1283 2132 61
1310 2055 1503 2132 honorifice
1529 2059 1616 2131 ficut
1650 2073 1747 2134 carta

233 2190 380 2288 predicti
402 2189 541 2264 comitis
560 2187 713 2264 Gilberti
729 2189 824 2287 juste
843 2189 994 2264 testatur
1015 2228 1023 2247 ·
1045 2188 1097 2262 ita
1113 2203 1236 2263 tamen
1252 2186 1349 2286 quod
1371 2187 1550 2288 proditius
1571 2214 1688 2264 comes
1709 2205 1745 2264 61

233 2321 383 2396 heredes
400 2321 451 2394 161
467 2320 599 2395 facient
615 2319 703 2393 mihi
720 2334 757 2396 et
772 2320 962 2395 heredibus
985 2320 1074 2394 meis
1098 2320 1144 2394 (16
1165 2320 1302 2395 residuo
1319 2319 1366 2393 de
1388 2319 1612 2420 ffladdiruyn
1627 2331 1746 2396 totum

232 2454 419 2530 seminium
429 2445 525 2552 quod
535 2452 624 2526 mihi
637 2452 786 2528 debetur
795 2453 840 2527 de
853 2467 930 2528 1616
943 2451 1047 2527 16616
1064 2452 1110 2528 16
1123 2452 1371 2553 1161116616·
1391 2452 1555 2530 Testibus
1566 2452 1745 2529 Willelmo

234 2588 394 2688 episcopo
418 2585 623 2684 Glasguenii
647 2585 853 2661 cancellario
873 2613 985 2661 meo·
1014 2585 1180 2686 Philippo
1202 2585 1247 2662 de
1264 2585 1401 2662 Valaus
1424 2587 1618 2662 camerario
1635 2613 1744 2663 meo·

235 2719 412 2795 Willelmo
436 2718 620 2818 Oummyn
642 2759 653 2778 ·
675 2719 854 2794 Willelmo
879 2718 1012 2794 Giffart
1037 2760 1047 2779 ·
1076 2718 1218 2795 Thema
1238 2720 1283 2794 de
1305 2717 1470 2794 Oolluille
1491 2759 1500 2780 ·
1522 2719 1745 2796 Allexandro

237 2853 443 2930 vicecomite
472 2853 517 2927 16
549 2851 756 2953 streuyllyn
781 2895 790 2912 ·
819 2852 976 2928 Ricardo
997 2853 1043 2927 de
1067 2852 1220 2928 Camere
1246 2910 1255 2928 .
1282 2852 1462 2929 Herberto
1487 2855 1533 2929 de
1559 2854 1712 2930 Camere
1733 2895 1742 2915 ·

237 2987 361 3061 Dauid
377 2987 423 3061 de
441 2987 560 3060 Haia·
578 2985 745 3087 Philippo
762 2987 807 3060 16
824 2986 1007 3087 Lundyu·
1026 2986 1168 3062 Thomu
1185 2987 1362 3063 Hostiario
1382 3031 1390 3048 ·
1408 2988 1521 3087 Apud
1535 2987 1743 3090 Strcuyllyn

234 3120 359 3221 quinto
375 3120 434 3194 (116
451 3119 587 3220 Aprilis
604 3159 614 3179 ·

233 3487 477 3591 (1661666116
494 3515 647 3618 episcopi
671 3515 936 3592 Dunkeldenfis
954 3516 1106 3594 Galfridi
1123 3519 1227 3617 super
1249 3515 1389 3594 ecclelia
1410 3518 1454 3594 de
1479 3521 1677 3622 otadimyn
1702 3536 1739 3598 61

229 3663 324 3724 terra
339 3651 385 3724 de
401 3649 550 3723 Abthan
567 3651 613 3724 de
630 3650 852 3751 oeaddirnyn
870 3691 880 3710 ·

168 3911 212 3990 74
230 3885 425 3989 Vniueriis
447 3916 561 3990 166116
577 3914 698 3998 matris
721 3915 862 3990 ecclefie
884 3915 966 4015 filije
988 3915 1130 4016 presens
1151 3914 1320 4014 seriptum
1345 3917 1464 3992 visuris
1485 3917 1542 3996 vel
1560 3919 1734 3996 audituris

230 4045 413 4122 Galfridus
437 4047 561 4121 diuina
585 4047 805 4149 permistione
830 4047 1096 4123 Dunkeldeufis
1122 4048 1305 4148 episcopus
1330 4061 1489 4124 etmnam
1519 4052 1558 4126 in
1587 4053 1734 4128 domino

227 4179 376 4256 salutem
394 4222 403 4240 ·
423 4179 609 4254 Noueritis
632 4207 697 4255 uos
714 4179 924 4281 adplenum
941 4181 1124 4282 inspexifl'e
1139 4182 1233 4256 bone
1250 4183 1419 4259 memorie
1438 4183 1611 4259 Johannis
1627 4187 1731 4284 primi

228 4313 376 4388 Ricardi
402 4312 577 4387 Johanuis
603 4313 748 4386 secundi
777 4313 943 4413 Hngonis
973 4326 1009 4388 61
1040 4313 1196 4389 Gilberti
1225 4315 1504 4415 predecessorum
1535 4321 1730 4393 nostrornm

227 4447 470 4546 episcoporum
494 4443 623 4518 scilicet
653 4444 964 4519 Dunkeldenfium
990 4446 1200 4520 donationes
1226 4448 1456 4522 concelliones
1482 4462 1518 4522 61
1548 4450 1730 4523 confirma·

227 4577 341 4653 tiones
357 4576 563 4661 monasterio
586 4575 632 4650 de
655 4575 863 4676 Inchaffryn
880 4578 976 4676 quod
1000 4576 1119 4651 Insula
1141 4577 1325 4660 miliarum
1345 4577 1475 4651 dieitur
1497 4592 1534 4653 et
1554 4579 1729 4653 canonicis
