4450 6034
466 585 514 656 68
1036 565 1399 647 REGISTRUM

466 809 513 884 ad
538 808 729 906 predictam
756 804 934 880 ecclesium
958 801 1222 904 pertinentibus
1245 801 1282 874 iu
1307 823 1436 899 puram
1461 811 1499 872 et
1521 807 1730 894 perpetuam
1759 791 1983 868 elemosinam

467 943 514 1018 ad
530 941 730 1015 habendam
750 936 942 1013 tenendam
966 950 1002 1011 et
1026 933 1266 1034 possidendam
1292 932 1337 1006 de
1358 957 1416 1006 me
1441 943 1479 1004 et
1504 927 1696 1004 heredibus
1720 927 1812 1001 meis
1838 925 1876 998 in
1901 950 1985 1025 per-

467 1088 617 1175 petuum
641 1072 692 1145 ita
713 1069 824 1144 libere
847 1068 967 1167 quiete
990 1066 1149 1167 plenarie
1171 1079 1208 1140 et
1227 1061 1423 1139 honorifice
1443 1063 1531 1136 sieut
1547 1058 1657 1158 aliqui
1673 1055 1826 1159 religiosi
1845 1058 1884 1131 iu
1909 1072 1985 1132 toto

468 1231 578 1305 regno
597 1203 717 1278 Scotie
733 1201 886 1301 aliquam
904 1199 1082 1275 ecclesiam
1099 1197 1246 1272 liberius
1263 1195 1421 1296 quietius
1437 1191 1619 1291 plenarius
1636 1206 1673 1266 et
1689 1189 1985 1267 honorificentius

469 1339 602 1413 habent
631 1350 755 1411 tenent
788 1351 824 1409 et
849 1333 1021 1436 possident
1056 1374 1065 1392 ·
1101 1331 1187 1431 Hijs
1213 1330 1359 1404 testibus
1387 1325 1525 1411 molisio
1549 1327 1659 1400 fratre
1686 1351 1766 1400 meo
1793 1363 1803 1388 ·
1830 1323 1985 1410 matilde

471 1471 664 1548 comitissa·
690 1465 870 1542 Willelmo
886 1463 1027 1540 fferteth
1045 1463 1206 1537 Roberto
1223 1461 1306 1562 filijs
1320 1459 1409 1534 meis
1436 1502 1447 1519 ·
1470 1457 1651 1534 Gillenem
1676 1457 1838 1556 dapifero
1850 1483 1932 1532 meo
1948 1471 1985 1531 et

472 1602 609 1688 &lalisio
626 1600 699 1675 silio
715 1601 820 1699 ejus·
848 1597 1014 1674 Gilberto
1030 1596 1142 1680 rodite
1161 1635 1169 1654 ·
1196 1593 1380 1668 Abbraam
1398 1589 1580 1691 capellano
1600 1633 1608 1651 ·
1627 1589 1750 1666 Brieio
1773 1591 1924 1689 persona
1940 1592 1985 1665 de

473 1738 578 1814 Oresa
595 1775 605 1796 ·
624 1732 859 1810 Constantino
872 1731 995 1829 judice
1013 1773 1022 1789 ·
1043 1726 1207 1802 Anechol
1223 1725 1347 1802 theino
1364 1751 1446 1801 meo
1464 1739 1501 1800 et
1518 1723 1640 1808 multis
1658 1724 1739 1826 alijs
1757 1764 1767 1784 ·

478 2097 725 2198 Confirmatio
741 2123 845 2223 super
861 2121 1003 2198 ecclesia
1018 2122 1064 2198 de
1080 2118 1303 2220 maddirdyn
1319 2144 1384 2218 per
1401 2117 1425 2192 J
1443 2158 1453 2180 ·
1472 2117 1676 2217 episcopum
1693 2119 1889 2194 seeundum
1910 2160 1919 2178 ·

411 2399 458 2476 70
476 2365 673 2467 Johannes
690 2389 748 2464 dei
764 2390 880 2490 gratia
895 2387 1035 2464 ecclesie
1055 2387 1321 2464 Duukeldenlis
1341 2391 1522 2488 episcopus
1541 2389 1710 2464 vniuerfis
1727 2391 1842 2466 sande
1865 2389 1987 2472 (nutris

475 2523 615 2600 ecclesie
637 2522 720 2622 filija
745 2537 905 2596 eternam
927 2522 965 2595 in
991 2521 1138 2596 domino
1161 2519 1308 2595 salutem
1335 2564 1343 2580 ·
1372 2521 1495 2596 Sciant
1517 2522 1694 2620 presentes
1719 2536 1757 2597 et
1781 2521 1893 2597 futuri
1918 2547 1983 2595 nos

475 2655 666 2732 concessisse
688 2668 725 2728 et
746 2652 813 2726 huc
835 2667 935 2728 carta
951 2655 1068 2727 nostra
1084 2653 1300 2728 confirmasse
1320 2654 1358 2728 in
1375 2656 1656 2752 redemptionem
1676 2655 1794 2730 anime
1811 2658 1927 2730 nostre
1946 2668 1983 2730 et

476 2787 706 2862 suceefforum
730 2787 928 2861 nostrorum
945 2785 1029 2861 Deo
1044 2797 1083 2860 et
1099 2786 1212 2860 sanese
1238 2787 1358 2869 &lario
1380 2801 1417 2861 et
1442 2787 1558 2862 sancto
1582 2787 1740 2863 Johanni
1757 2789 1914 2888 apostolo
1937 2790 1982 2865 de

479 2918 597 2994 Insula
622 2919 807 3002 wiffarum
823 2932 861 2992 et
886 2959 896 2977 ·
919 2917 944 2992 J
971 2960 979 2976 ·
1002 2917 1114 3014 priori
1134 2930 1171 2991 et
1194 2917 1362 2991 omnibus
1382 2917 1420 2990 in
1444 2917 1568 2992 eadem
1591 2917 1710 2994 Insula
1729 2919 1793 2993 sub
1813 2918 1983 3020 religione

478 3053 560 3127 Deo
571 3052 805 3126 seruientibus
817 3064 854 3126 et
870 3050 1051 3124 seruiturie
1067 3049 1244 3124 eeclesiam
1262 3049 1306 3124 de
1323 3050 1578 3152 aladdyrdyne
1594 3077 1676 3126 eum
1694 3052 1861 3128 omuibus
1880 3053 1984 3152 justis

478 3185 701 3286 pertinentijs
717 3185 785 3258 suia
801 3183 839 3256 in
851 3182 997 3258 liberam
1010 3195 1048 3258 et
1061 3196 1269 3282 perpetuam
1282 3180 1503 3258 elemosinam
1519 3226 1528 3243 ·
1542 3185 1750 3260 Tenendam
1764 3187 1815 3262 itu
1825 3186 1937 3262 libere
1948 3201 1985 3262 et

479 3319 597 3420 quiete
613 3318 768 3417 plenario
785 3330 821 3392 et
837 3316 1029 3392 honorifice
1044 3317 1132 3391 sicut
1148 3313 1266 3414 eliqua
1282 3315 1424 3390 ecclefia
1439 3316 1477 3390 in
1497 3319 1613 3393 nostro
1625 3319 1826 3417 episcopatu
1838 3319 1985 3396 liberius

479 3450 637 3552 quieciua
664 3447 805 3547 plenius
830 3462 867 3523 et
891 3447 1183 3524 honorificentior.
1206 3446 1369 3547 religiose
1398 3449 1521 3524 domui
1545 3450 1754 3527 conceditur
1775 3466 1813 3527 et
1834 3453 1985 3550 posside-

478 3604 539 3661 tur
558 3599 596 3660 et
611 3586 699 3658 ficut
715 3597 813 3657 curta
833 3581 985 3682 episcopi
1010 3577 1186 3657 Johannie
1212 3580 1459 3680 predecessoris
1483 3583 1592 3658 nostri
1617 3587 1764 3662 testatur
1788 3585 1880 3661 soluo
1901 3590 1985 3685 juro

478 3714 663 3817 episcopali
684 3757 693 3774 ·
722 3714 806 3812 Hijs
831 3714 977 3790 testibus
997 3714 1169 3815 magistro
1186 3713 1346 3788 Henrioo
1361 3714 1608 3792 archidiacono
1624 3719 1742 3792 nostro
1768 3760 1777 3776 ·
1803 3717 1985 3794 Duneano

478 3851 615 3926 decano
628 3845 794 3922 Atholie·
807 3845 972 3946 Eugenio
982 3845 1109 3922 clerico
1124 3887 1133 3903 ·
1147 3844 1184 3923 G
1197 3888 1205 3905 ·
1217 3860 1253 3922 et
1267 3845 1445 3923 Willelmo
1458 3848 1647 3950 capellanie
1660 3851 1784 3926 nostris
1799 3893 1808 3912 ·
1822 3852 1985 3952 magistro

480 3982 640 4056 Roberto
662 3978 788 4054 clerico
813 3979 929 4053 nostro
955 4019 965 4038 ·
991 3977 1172 4054 Willelmo
1187 3979 1370 4057 senescallo
1386 3983 1503 4058 nostro
1529 4023 1539 4043 ·
1565 3981 1745 4066 michaele
1768 3986 1916 4083 persona
1940 3986 1986 4061 de

481 4113 646 4192 Methfen
663 4127 701 4189 et
716 4110 836 4196 multia
850 4110 928 4213 ulijs
946 4153 955 4172 ·
