4450 6034
763 585 843 661 DE
874 586 1281 664 INOHAFFERY.

266 920 392 1024 Carta
407 948 454 1026 de
469 975 539 1026 vno
556 950 669 1026 orosto
686 963 724 1026 et
740 950 831 1027 tosto
848 950 887 1024 in
904 949 1080 1052 Petlandy
1097 993 1107 1011 ·

204 1229 250 1304 66
266 1186 461 1289 Omnibus
488 1210 618 1288 Christi
651 1211 815 1288 fidelibus
845 1216 985 1313 presens
1013 1214 1184 1315 seriptum
1212 1213 1336 1288 visuris
1363 1212 1420 1289 vel
1449 1209 1623 1287 audituris
1656 1208 1775 1284 Lucas

263 1342 355 1418 silius
373 1341 549 1418 Teobaldi
565 1343 611 1419 de
628 1343 806 1446 Petlandy
818 1361 979 1421 eternam
996 1346 1034 1419 in
1050 1345 1195 1420 domino
1209 1343 1356 1420 salutem
1374 1384 1384 1404 ·
1403 1343 1558 1420 Nouerit
1569 1342 1775 1416 vniuersitas

264 1477 376 1552 vestra
391 1501 450 1552 me
472 1501 537 1574 pro
560 1474 670 1552 salute
690 1478 808 1553 anime
830 1505 909 1554 mee
933 1494 971 1554 et
990 1478 1111 1580 sponse
1133 1504 1214 1554 mee
1231 1492 1267 1554 et
1284 1478 1537 1553 anteoefforum
1556 1500 1719 1550 meorum
1740 1486 1777 1548 et

264 1610 491 1686 suouefforum
520 1610 651 1686 dedisse
673 1611 866 1686 coneessrffe
887 1625 924 1687 et
950 1611 1102 1712 presenti
1130 1625 1227 1686 carta
1254 1611 1471 1687 confirmasse
1499 1608 1582 1682 Deo
1609 1620 1645 1682 et
1671 1607 1776 1680 beate

265 1742 381 1825 (Isaris
404 1756 441 1816 et
465 1742 581 1818 fando
604 1742 761 1818 Johanni
782 1742 938 1844 apostolo
955 1759 992 1820 et
1008 1743 1221 1844 euangelista
1239 1744 1284 1818 de
1302 1742 1421 1817 Insula
1432 1741 1618 1824 missarum
1634 1763 1774 1812 necnon

264 1876 385 1952 abbati
412 1891 450 1952 et
478 1877 673 1952 eonuentui
701 1878 858 1978 ejusdem
886 1877 956 1953 looi
984 1905 1096 1952 vnum
1126 1878 1279 1954 orostum
1308 1890 1345 1952 et
1371 1875 1502 1952 tostum
1527 1899 1597 1973 que
1625 1871 1706 1945 sunt
1735 1869 1772 1943 in

263 2023 467 2085 tenemento
477 2036 558 2084 meo
576 2011 621 2085 de
638 2009 817 2112 Petlandp
828 2011 1082 2112 propinquiora
1093 2011 1249 2110 jacentia
1265 2026 1348 2085 anta
1361 2009 1487 2086 ostium
1497 2007 1624 2081 domus
1635 2030 1715 2079 mee
1728 2029 1774 2077 ex

263 2161 363 2245 parte
380 2143 577 2244 aquilonari
596 2145 799 2245 magnerio
818 2171 888 2244 que
909 2145 1007 2220 venit
1023 2146 1069 2221 ad
1085 2143 1266 2220 eeclesiam
1284 2144 1330 2218 de
1345 2142 1476 2219 Fowlis
1496 2167 1561 2241 per
1577 2164 1684 2239 quam
1701 2138 1774 2213 itur

262 2277 379 2350 versus
408 2275 559 2375 Buthnp
587 2275 752 2351 videlieet
777 2302 800 2350 a
823 2276 914 2350 vado
948 2303 994 2351 ex
1026 2291 1129 2378 parte
1162 2275 1357 2375 aquilonari
1390 2275 1518 2351 domus
1549 2295 1629 2347 mea
1662 2271 1774 2345 etsie

264 2408 483 2483 aseendendo
508 2433 574 2509 per
595 2407 730 2482 didtom
752 2405 909 2481 riuulum
932 2410 1040 2506 vsque
1063 2409 1111 2482 ad
1134 2433 1305 2508 magnum
1327 2405 1483 2507 lapidem
1507 2408 1614 2508 juxta
1638 2409 1772 2484 dissum

264 2538 420 2613 riuulum
448 2553 485 2614 et
511 2541 558 2613 sie
583 2541 700 2614 versus
726 2539 934 2616 orientalem
959 2555 1097 2641 partem
1128 2541 1234 2640 vsque
1260 2541 1306 2614 ad
1331 2557 1462 2616 terram
1478 2540 1632 2624 martini
1650 2539 1774 2642 generi

264 2671 335 2746 mei
368 2685 405 2746 et
436 2672 483 2745 sie
516 2671 761 2746 descendendo
792 2674 909 2746 versus
950 2671 1218 2747 meridionalem
1252 2686 1392 2772 partem
1425 2673 1531 2772 vsqua
1563 2673 1610 2748 ad
1642 2673 1773 2748 didam

265 2830 431 2905 magnam
458 2803 552 2878 viam
581 2819 618 2880 et
639 2807 686 2881 sie
712 2832 778 2906 per
806 2805 958 2881 eandem
983 2806 1077 2878 viam
1105 2805 1214 2904 vsque
1242 2805 1288 2879 ad
1314 2805 1514 2905 predidum
1541 2807 1674 2880 vadum
1704 2833 1773 2906 que

265 2938 409 3039 quidem
432 2937 607 3040 perticula
628 2951 722 3013 terre
740 2939 900 3014 continet
924 2938 1013 3013 inse
1033 2953 1197 3038 quartam
1214 2953 1353 3038 partem
1373 2937 1477 3012 vnius
1494 2964 1574 3014 aere
1592 2939 1629 3013 in
1648 2964 1773 3040 puram

265 3087 302 3148 et
324 3086 535 3173 perpetuam
555 3070 777 3147 elemosinam
796 3099 867 3146 rna
886 3099 969 3147 eum
992 3073 1130 3146 brafina
1149 3071 1259 3147 totius
1280 3071 1444 3170 territorij
1469 3071 1514 3146 da
1538 3071 1715 3172 Petlandi
1739 3087 1775 3146 et

265 3205 362 3281 omni
390 3207 473 3305 jure
508 3205 645 3280 brasine
674 3218 817 3279 etcum
843 3206 1008 3280 omnibus
1035 3205 1114 3306 alijs
1135 3205 1277 3303 juribus
1302 3203 1524 3306 aysiamentis
1548 3204 1639 3278 insra
1655 3203 1774 3278 villam

266 3353 302 3413 et
317 3353 419 3414 extra
435 3339 481 3414 ad
498 3338 627 3414 didam
643 3352 776 3413 terram
799 3339 845 3414 de
868 3339 1047 3439 Petlandp
1064 3338 1300 3439 spestantibus
1323 3337 1380 3412 vel
1401 3339 1553 3438 spatiare
1575 3336 1774 3413 valentibus

264 3474 335 3546 siue
362 3470 482 3571 aliquo
510 3486 755 3548 retenemento
784 3472 948 3548 inbosco
977 3486 1014 3547 et
1042 3471 1150 3571 plano
1176 3471 1213 3543 in
1242 3470 1350 3544 moris
1376 3484 1413 3546 et
1437 3470 1607 3570 mamesijs
1624 3471 1773 3570 petarijs

265 3620 302 3678 et
330 3603 483 3706 bruarijs
510 3645 520 3665 ·
555 3605 731 3680 Tenenda
759 3619 796 3680 at
821 3603 989 3679 habenda
1014 3605 1139 3680 sibiet
1164 3603 1413 3680 succesoribus
1439 3603 1510 3677 suis
1536 3617 1572 3678 et
1598 3603 1774 3702 assignatis

266 3755 444 3811 eteorum
468 3737 658 3813 heredibus
681 3738 726 3813 de
750 3764 809 3811 me
829 3753 866 3812 et
891 3736 1081 3812 heredibus
1102 3737 1192 3812 meis
1208 3763 1278 3810 vna
1294 3762 1377 3811 eum
1394 3737 1488 3812 dista
1502 3737 1648 3813 braeina
1664 3737 1774 3812 totius

265 3885 357 3945 terre
380 3869 425 3944 de
448 3869 614 3946 Petlandi
634 3885 670 3946 et
690 3871 789 3946 omni
805 3873 888 3972 jure
910 3871 1045 3945 brafiue
1065 3870 1104 3944 in
1121 3897 1249 3971 puram
1266 3884 1302 3944 et
1324 3883 1532 3970 perpetuam
1550 3868 1774 3944 elemosinam

263 4001 373 4078 libere
393 4017 430 4078 et
453 4003 572 4102 quiete
598 4005 644 4078 ab
669 4004 768 4078 omni
793 4003 938 4079 seoulari
963 4003 1110 4078 seruioio
1140 4004 1390 4104 inperpetuum
1422 4041 1431 4062 ·
1456 4029 1522 4102 ego
1546 4029 1630 4079 vero
1654 4003 1774 4079 Lucas

265 4155 301 4211 et
323 4135 473 4210 heredes
488 4135 559 4209 mei
575 4135 668 4210 dieta
683 4136 813 4211 tostum
830 4153 867 4210 et
883 4136 1036 4210 crostum
1052 4163 1124 4210 rna
1140 4162 1223 4211 eum
1244 4135 1337 4210 dida
1356 4134 1500 4210 bracina
1519 4149 1556 4210 et
1573 4136 1671 4210 omni
1689 4139 1773 4238 jure

265 4271 398 4344 brasine
415 4283 452 4343 et
468 4268 632 4344 omnibus
648 4269 725 4370 alijs
742 4269 968 4371 pertinentijs
984 4271 1072 4344 siout
1088 4269 1287 4369 predistum
1304 4269 1354 4344 est
1377 4268 1477 4344 distis
1501 4268 1585 4342 viris
1607 4268 1773 4370 religiosis

266 4415 442 4476 eteorum
466 4397 715 4475 suecessoribus
737 4416 864 4477 eontra
888 4427 1014 4475 omnes
1036 4399 1199 4475 homines
1222 4399 1532 4475 warantizabimus
1553 4401 1774 4502 protigemus

265 4545 301 4604 et
326 4530 557 4606 defendemus
574 4530 611 4604 in
638 4548 853 4631 perpetuum
879 4545 916 4606 et
935 4545 977 4605 ut
999 4530 1066 4606 heo
1089 4558 1170 4606 mea
1189 4530 1333 4606 donatio
1357 4545 1394 4606 et
1416 4545 1513 4606 carte
1536 4558 1617 4606 mee
1641 4534 1768 4606 confir·

265 4662 373 4737 matio
401 4664 513 4738 robur
541 4662 718 4737 firmitatis
747 4677 783 4738 et
809 4662 1007 4738 stabilitatis
1036 4664 1076 4736 in
1104 4663 1203 4738 omni
1227 4661 1387 4762 optineat
1412 4661 1610 4762 presentem
1636 4677 1769 4736 cartam

1546 4821 1561 4866 1
