4450 6034
749 563 1259 676 nn'menasunnr.
1715 611 1763 680 ss

261 843 298 904 et
319 828 526 905 habendam
554 829 592 904 in
616 842 831 930 perpetuum
854 830 984 906 eisdem
1006 830 1173 932 religiosis
1198 846 1235 906 et
1262 831 1507 907 suecessoribus
1535 833 1605 907 suis
1636 834 1680 908 de
1710 861 1768 910 me

260 962 452 1038 heredibus
468 961 556 1038 meis
581 977 617 1036 et
639 963 885 1039 suecessoribus
902 965 947 1038 ab
965 964 1146 1040 exustione
1169 963 1313 1040 seculari
1336 965 1386 1040 ita
1406 964 1515 1040 libere
1538 964 1657 1064 quiete
1679 969 1767 1044 sieut

260 1095 377 1196 aliqua
402 1111 498 1172 terra
519 1095 662 1170 liberius
686 1097 745 1170 seu
770 1096 928 1196 quieeius
947 1124 969 1173 a
987 1099 1120 1172 barone
1144 1096 1200 1172 vel
1225 1097 1334 1180 milite
1360 1096 1436 1172 deri
1459 1099 1573 1199 potest
1597 1099 1654 1174 rel
1678 1127 1766 1175 een-

257 1227 342 1303 serri
368 1269 378 1286 ·
404 1226 500 1302 saluo
524 1227 693 1304 forinseco
716 1227 861 1304 seruieio
887 1228 1023 1303 domini
1043 1229 1151 1304 nestri
1172 1227 1284 1329 Regis
1311 1243 1348 1304 et
1371 1229 1534 1305 faciende
1559 1230 1768 1306 forinsecum

258 1358 446 1434 seruieium
470 1384 512 1432 ae
535 1359 697 1435 debitum
722 1359 868 1434 domino
893 1359 1015 1435 eomiti
1039 1360 1085 1435 de
1109 1359 1325 1462 Stratheryn
1345 1386 1411 1461 pre
1431 1387 1490 1436 me
1515 1375 1553 1436 et
1576 1361 1766 1437 heredibus

258 1491 348 1566 meis
375 1529 385 1552 ·
414 1491 459 1564 In
488 1493 590 1588 enjus
617 1491 672 1566 rei
698 1491 939 1566 testimenium
969 1492 1124 1593 presenti
1153 1505 1248 1568 carte
1282 1519 1361 1568 mee
1389 1520 1512 1568 meum
1541 1492 1692 1594 sigillum
1717 1496 1766 1571 est

257 1622 455 1724 appensum
481 1663 490 1682 ·
517 1621 683 1698 Testibus
705 1622 882 1697 nobilibus
897 1623 981 1697 viris
998 1622 1150 1714 dominis
1173 1623 1340 1698 Johanne
1360 1622 1543 1700 senescallo
1561 1639 1597 1700 et
1624 1625 1767 1702 Thema
1854 1645 1858 1659 '

258 1756 304 1831 de
328 1753 482 1828 ffawside
500 1752 675 1835 militibus
704 1795 714 1814 ·
743 1753 924 1830 Willelmo
947 1754 1021 1830 filie
1044 1756 1215 1857 martyne
1239 1795 1249 1816 ·
1275 1755 1360 1831 Aeh
1382 1756 1454 1832 filio
1480 1756 1610 1859 Elpine
1636 1798 1645 1819 ·
1672 1757 1765 1832 Wil-

258 1887 366 1963 lelmo
382 1886 454 1964 filie
471 1900 509 1962 et
525 1885 646 1961 mtdtio
663 1885 740 1961 aliis
758 1929 768 1947 ·

263 2262 386 2364 Carta
401 2287 447 2364 de
464 2284 758 2388 Ballmalsgillone
775 2324 785 2347 ·

171 2557 177 2568 '
196 2565 241 2634 34
263 2525 460 2628 (ilbertus
476 2576 595 2628 eomes
612 2551 659 2626 de
681 2548 901 2651 Stratheryn
917 2549 1082 2625 omnibus
1101 2549 1170 2626 hoe
1186 2549 1356 2651 seriptum
1372 2551 1497 2627 visure
1511 2550 1568 2628 vel
1588 2551 1765 2628 audituris

260 2685 409 2760 salutem
425 2684 568 2761 nouerit
582 2683 788 2759 rniuersitas
803 2685 917 2758 vestra
936 2708 994 2758 me
1010 2681 1141 2757 dedisse
1158 2697 1195 2758 et
1212 2684 1406 2759 eonoeffiffe
1425 2697 1462 2759 et
1481 2683 1548 2762 hae
1565 2698 1663 2758 carta
1685 2709 1765 2760 mea

257 2815 482 2892 confirmasse
498 2816 567 2890 deo
583 2827 620 2890 et
637 2815 741 2890 beate
756 2813 875 2897 utaris
898 2815 1056 2889 etberto
1081 2813 1106 2887 J
1108 2811 1241 2888 ohanni
1263 2814 1418 2914 apostolo
1436 2828 1472 2890 et
1489 2814 1702 2916 euangelista
1719 2815 1765 2890 de

260 2949 465 3049 Inehesiray
487 2963 526 3024 et
548 2947 727 3023 mnenieis
747 2947 883 3022 ibidem
900 2947 968 3022 deo
984 2945 1217 3020 seruientibus
1237 2959 1274 3021 et
1290 2946 1470 3022 seruitutis
1492 2945 1765 3049 Ballmalsgillon

258 3105 324 3182 per
342 3079 454 3154 redas
471 3078 600 3153 diuisas
616 3079 693 3152 suas
710 3093 748 3152 et
769 3103 852 3153 eum
869 3077 1033 3154 omnihus
1046 3077 1149 3178 justis
1165 3077 1389 3179 pertinentiis
1404 3079 1473 3153 suis
1494 3079 1709 3154 Tenendum
1726 3080 1765 3154 in

257 3208 407 3286 liberam
430 3223 468 3286 et
491 3235 618 3311 puram
643 3224 681 3285 et
705 3222 916 3310 perpetuam
938 3206 1160 3284 elemosinam
1180 3210 1219 3282 in
1234 3207 1337 3283 besee
1359 3223 1397 3284 ot
1420 3207 1526 3310 plane
1547 3208 1585 3283 in
1608 3209 1711 3284 terris
1728 3223 1764 3284 et

257 3339 360 3440 aquis
384 3340 424 3416 in
447 3341 558 3440 pratis
580 3356 618 3416 et
635 3341 772 3442 pascuis
791 3340 830 3413 in
851 3339 960 3415 meris
979 3339 1018 3413 in
1036 3339 1208 3416 marresiis
1228 3338 1266 3414 in
1288 3339 1419 3441 stagnis
1438 3353 1475 3415 et
1494 3337 1705 3414 molendinis
1726 3339 1764 3413 in

257 3473 404 3548 vinariis
416 3488 455 3550 et
477 3471 629 3574 piscariis
650 3472 761 3549 libere
777 3487 814 3548 et
830 3471 949 3572 quiete
968 3473 1015 3548 ab
1031 3471 1130 3546 omni
1145 3472 1289 3548 semieio
1310 3486 1346 3548 et
1366 3455 1549 3548 exasiiene
1565 3471 1710 3547 seculari
1726 3485 1763 3548 et

257 3606 309 3683 ita
324 3606 435 3682 libere
451 3619 488 3682 ot
503 3606 699 3682 honorifice
715 3619 753 3682 et
769 3606 907 3707 integre
922 3607 1010 3680 sieut
1025 3603 1145 3704 aliqua
1161 3602 1347 3680 elemosina
1366 3601 1405 3677 in
1421 3617 1497 3678 teto
1511 3628 1623 3705 regne
1642 3603 1762 3679 Seotie

256 3739 450 3841 abaliquo
477 3739 606 3816 eomite
631 3738 689 3814 vel
714 3740 847 3814 barone
881 3736 1026 3813 liberius
1053 3736 1212 3836 quieeins
1240 3734 1381 3838 plenius
1407 3747 1445 3810 et
1471 3734 1763 3812 honorificentius

256 3887 400 3949 tenetur
415 3886 452 3950 et
468 3872 660 3972 possidetur
678 3911 689 3932 ·
714 3871 794 3972 Ego
810 3897 894 3946 vere
910 3886 948 3946 et
963 3871 1111 3946 heredes
1128 3869 1199 3944 mei
1218 3883 1333 3946 totum
1349 3868 1561 3944 forinsecum
1577 3868 1762 3945 seruieium

257 4004 391 4084 domini
414 4004 525 4106 Regis
542 4005 639 4104 quod
654 4004 702 4080 ed
723 4018 853 4080 terram
869 4002 965 4078 illam
987 4001 1144 4103 pertinet
1160 4001 1198 4076 in
1220 4015 1432 4103 perpetuum
1449 3999 1732 4101 adquietabimus
1751 4041 1761 4062 ·

257 4137 340 4215 Hiis
362 4137 508 4215 testibus
528 4134 689 4213 Abbram
711 4135 956 4212 Dunblanensi
972 4135 1135 4236 episeopo
1162 4175 1171 4198 ·
1198 4133 1377 4210 Willelme
1397 4134 1525 4210 abbate
1542 4133 1588 4210 de
1607 4133 1726 4209 Seona
1750 4175 1759 4196 ·
1894 4121 1897 4126 ¹

257 4269 417 4346 Roberte
429 4269 596 4372 Fergusio
608 4269 745 4354 &lalisio
761 4267 843 4344 siliis
864 4268 955 4343 meis
972 4309 984 4328 ·
1010 4266 1175 4344 Gilherte
1192 4266 1439 4342 archidiaeono
1454 4266 1501 4343 de
1520 4264 1731 4370 Stratheryn
1750 4306 1759 4328 ·

257 4401 393 4486 memo
409 4401 592 4480 senescallo
608 4427 688 4479 meo
705 4441 715 4463 ·
734 4400 852 4478 Brieio
868 4401 1016 4502 persona
1032 4400 1078 4475 de
1095 4399 1198 4477 Orosi
1210 4412 1247 4476 et
1262 4397 1384 4474 multis
1400 4397 1477 4475 aliis
1494 4439 1505 4463 ·
