4450 6034
823 586 887 651 DE
914 585 967 651 IN
973 584 1249 651 CHAFFERYr
1726 586 1789 649 125

223 904 263 967 16
282 907 479 973 Confirmatio
494 906 762 973 commendatarii
776 916 810 973 et
826 904 959 992 capituli
973 906 1013 972 de
1029 906 1207 994 Inchaffray
1221 928 1319 993 super
1339 893 1428 972 carta
1441 904 1570 991 Patricij
1587 906 1718 991 Murray
1733 902 1792 969 filii

280 1027 430 1094 Anthonii
452 1028 582 1114 Murray
595 1026 637 1093 de
657 1026 797 1112 Doloray
813 1046 877 1113 qua
894 1046 966 1091 cum
982 1046 1140 1092 consensu
1154 1024 1300 1110 coniugis
1315 1025 1426 1091 rendit
1439 1023 1615 1091 honorabili
1631 1023 1700 1088 viro
1713 1024 1794 1089 Wil-

277 1149 369 1214 lelmo
390 1149 519 1233 Murray
540 1145 608 1212 filio
629 1158 664 1211 et
687 1144 797 1211 heredi
822 1143 989 1232 apparenti
1011 1144 1164 1210 Willelmi
1185 1146 1315 1232 Murray
1337 1147 1379 1211 de
1400 1145 1598 1231 Tulibardyn
1622 1144 1792 1210 duodecim

277 1279 429 1335 marcatas
440 1280 595 1334 terrarum
609 1266 649 1331 de
662 1265 694 1329 N
695 1287 742 1331 ew
758 1266 838 1331 Rau
848 1273 985 1351 quatuor
999 1275 1158 1330 marcatas
1172 1274 1328 1331 terrarum
1340 1265 1380 1331 de
1395 1265 1524 1351 Thomy
1533 1262 1603 1329 Hill
1612 1284 1686 1328 cum
1700 1273 1793 1349 prato

277 1390 415 1456 eiusdem
437 1398 537 1454 terras
559 1386 600 1451 de
614 1382 834 1473 Wynmynhill
858 1394 958 1449 terras
980 1394 1107 1449 vocatas
1132 1383 1176 1450 lie
1197 1384 1296 1449 Ward
1318 1383 1446 1449 Todhill
1470 1393 1506 1449 et
1528 1384 1602 1468 Hay
1616 1404 1714 1467 grene
1731 1404 1793 1447 vna

277 1531 347 1575 cum
372 1506 537 1595 privilegio
551 1504 696 1571 lucrandi
713 1502 855 1569 fodiendi
872 1502 1010 1569 sedecim
1025 1502 1127 1569 dietas
1149 1513 1294 1590 potarum
1315 1503 1350 1569 in
1364 1500 1615 1569 occidentalibus
1632 1501 1793 1568 menesiia

277 1633 315 1697 de
340 1628 579 1716 Inohechaffray
604 1650 641 1693 ac
663 1626 759 1693 otiam
782 1648 855 1692 cum
877 1635 1009 1711 pastura
1029 1625 1214 1692 animalium
1235 1626 1270 1691 in
1293 1624 1387 1691 dictis
1411 1624 1579 1690 merresiis
1623 1626 1709 1690 Data
1731 1626 1792 1689 sub

277 1752 433 1818 communi
448 1749 553 1835 sigillo
566 1757 600 1813 et
615 1746 901 1833 subscriptionibus
916 1746 1118 1813 manualibus
1132 1747 1266 1835 capituli
1280 1749 1366 1834 apud
1381 1794 1389 1811 .
1407 1797 1414 1812 .
1431 1794 1439 1811 .
1456 1797 1463 1812 .
1479 1748 1560 1811 nl).
1577 1748 1620 1813 15
1636 1749 1655 1785 ⁸
1672 1746 1692 1780 ⁸

221 2106 261 2171 17
277 2108 370 2173 Carta
397 2104 627 2172 feudifirmaria
655 2106 696 2170 ab
724 2104 837 2171 eodem
868 2104 1136 2170 commendatario
1167 2126 1227 2191 pro
1256 2126 1380 2169 summa
1409 2103 1496 2169 mille
1525 2102 1677 2169 librarum
1705 2104 1793 2169 facta

276 2218 565 2311 Patricio'Murray
580 2223 646 2289 filio
667 2222 819 2307 Anthonij
839 2210 969 2307 Murray
984 2224 1024 2289 de
1046 2223 1186 2310 Doloray
1202 2244 1297 2309 super
1319 2223 1413 2289 terris
1430 2222 1618 2309 subscriptis
1635 2222 1696 2288 viz.
1713 2222 1793 2288 duo-

276 2348 377 2414 decim
400 2346 547 2412 marcatis
570 2355 725 2411 terrerum
747 2343 786 2407 de
810 2342 888 2407 New
911 2344 990 2407 Raw
1008 2352 1146 2429 quatuor
1166 2342 1314 2408 marcatis
1335 2352 1491 2407 terrarum
1507 2343 1548 2407 de
1570 2342 1699 2428 Thomy
1721 2342 1792 2407 Hill

276 2466 352 2533 alias
376 2467 517 2534 Wallace
543 2464 618 2529 land
642 2473 826 2528 vocatarum
852 2482 925 2526 cum
949 2471 1040 2547 prato
1061 2461 1205 2527 eiusdem
1226 2462 1321 2529 terris
1342 2463 1381 2529 de
1399 2463 1618 2551 Wynmynbill
1634 2486 1698 2531 vna
1718 2486 1792 2530 cum

275 2585 438 2673 privilegio
455 2582 601 2650 lucrandi
622 2580 763 2648 fodiendi
785 2578 923 2646 sedecim
946 2579 1049 2645 dietas
1071 2591 1218 2668 patarum
1239 2582 1274 2647 in
1295 2583 1546 2651 occidentalibus
1569 2584 1729 2652 marreaiia
1752 2588 1793 2652 de

275 2706 512 2792 Incheohaffray
538 2703 728 2789 easdemque
758 2710 849 2787 petas
874 2699 1054 2767 abducendi
1080 2710 1223 2787 tempore
1249 2702 1344 2769 solito
1368 2725 1408 2769 ao
1436 2704 1533 2769 etiam
1559 2726 1633 2771 cum
1662 2715 1794 2791 pastura

276 2827 459 2895 animalium
483 2825 516 2890 in
542 2822 636 2889 dictis
660 2820 820 2886 marrasiis
846 2818 1022 2884 Reddendo
1047 2821 1211 2885 annuatim
1238 2822 1272 2887 in
1295 2822 1420 2908 integro
1441 2845 1500 2910 pro
1521 2824 1674 2911 predictis
1699 2826 1793 2890 terris

216 3028 221 3037 ι
276 2970 429 3016 summam
450 2941 666 3011 novemdecim
688 2938 839 3005 librarum
861 2946 895 3003 et
915 2938 1082 3004 duodecim
1109 2938 1281 3005 solidorum
1307 2963 1429 3007 necnon
1456 2942 1673 3009 molendinum
1695 2958 1729 3009 et
1750 2944 1792 3009 lie

276 3067 381 3153 mylae
399 3064 463 3131 leid
480 3062 514 3126 in
531 3060 660 3126 modum
676 3056 805 3123 solitum
823 3056 1032 3121 sustentando
1048 3056 1268 3143 multurasque
1283 3058 1434 3123 solvendo
1448 3071 1482 3125 et
1496 3061 1688 3147 duplicando
1705 3075 1795 3129 ante·

275 3186 391 3250 dictam
405 3180 616 3247 feudifirmam
630 3177 733 3265 primo
745 3174 821 3241 anni
834 3174 982 3241 introitus
995 3177 1151 3263 cujusque
1164 3175 1298 3242 heredis.
1344 3178 1429 3243 Data
1439 3181 1500 3244 sub
1511 3182 1672 3246 communi
1687 3183 1793 3268 sigillo

276 3303 408 3391 capituli
424 3301 510 3388 apud
532 3348 540 3364 .
563 3346 571 3362 .
595 3349 602 3363 .
626 3344 634 3361 .
657 3345 665 3361 .
688 3296 769 3360 Am.
790 3296 831 3359 15
850 3301 867 3337 ⁸
886 3302 903 3335 ⁴¹
922 3304 955 3359 et
970 3292 1176 3359 subscribunt

317 3542 497 3609 Alexander
512 3532 804 3605 Commendamrius
897 3532 1057 3597 Robertus
1073 3533 1135 3597 Car
1364 3534 1502 3600 Thomas
1518 3537 1683 3603 Gardener
1700 3541 1791 3604 Prior

320 3660 478 3746 Georgius
494 3658 596 3743 Spcns
899 3650 1041 3714 Andreas
1058 3652 1211 3716 Farmour
1363 3654 1541 3721 Willelmus
1557 3658 1698 3723 Mclrose

318 3779 500 3846 Alexander
513 3777 642 3861 Murray
1360 3772 1486 3839 Pawlus
1502 3776 1696 3863 Cwnygbam

217 4134 259 4198 18
273 4138 525 4201 instrumentum
551 4131 655 4195 casine
686 4128 719 4193 in
744 4130 885 4193 favorem
911 4130 1041 4215 Patrioii
1071 4132 1202 4217 Murray
1227 4131 1335 4217 vicarij
1359 4134 1399 4198 da
1424 4134 1540 4201 Fowlis
1565 4158 1662 4223 super
1688 4132 1790 4205 tribus

272 4256 363 4322 bollis
388 4250 573 4318 victualium
599 4246 762 4314 annitatim
788 4247 929 4313 levandis
955 4249 994 4313 de
1021 4248 1063 4314 lie
1091 4250 1289 4316 Brewlandis
1315 4254 1356 4318 de
1383 4254 1542 4340 Ardbany.
1597 4257 1717 4322 Datum
1745 4262 1786 4323 26

272 4374 360 4462 April
376 4372 458 4438 al).
477 4371 570 4435 1560.
