4450 6034
746 527 826 604 DE
857 526 1258 605 INOHAFFERY.
1407 527 1421 562 ³
1706 534 1756 606 39

240 762 315 835 line
338 760 437 834 omui
453 787 561 837 onere
577 775 614 838 et
629 763 701 837 fine
717 763 815 838 omni
832 762 966 838 elumeo
983 775 1020 838 et
1037 759 1247 862 calumpniis
1265 760 1336 836 mei
1352 775 1388 836 et
1404 759 1576 837 heredum
1594 787 1754 838 meorum

242 892 410 968 faciende
439 907 580 967 tantum
610 893 755 968 demine
784 895 900 969 nostre
935 893 1029 993 Regi
1058 892 1104 967 de
1133 892 1225 967 dieta
1253 907 1348 966 terre
1376 891 1561 967 seruieium
1592 892 1752 970 debitum

243 1041 280 1100 et
297 1025 504 1100 eonsuetum
528 1065 538 1086 ·
565 1025 645 1127 Ego
661 1051 746 1100 vere
761 1039 799 1102 et
814 1024 1051 1100 heredes'mei
1067 1024 1196 1100 dietam
1213 1024 1442 1100 donationem
1458 1025 1559 1099 dieis
1576 1025 1753 1103 canonicis

244 1173 280 1232 et
296 1183 421 1233 eorum
437 1157 683 1232 sneeefforibns
699 1172 824 1233 eontra
839 1183 962 1234 omnes
981 1157 1143 1232 hemines
1160 1170 1196 1231 et
1212 1155 1360 1231 feminus
1377 1156 1414 1230 in
1431 1171 1643 1258 perpetuum
1660 1183 1753 1232 war-

243 1288 497 1364 rantirebimus
521 1301 558 1363 et
580 1281 809 1362 defendemus
837 1331 847 1348 ·
883 1288 928 1363 In
953 1289 1057 1388 eujus
1080 1287 1134 1363 rei
1158 1287 1396 1363 testimonium
1421 1289 1561 1389 presens
1585 1289 1753 1391 seriptum

244 1419 343 1522 tigilli
367 1419 438 1495 mei
461 1419 679 1520 impreffione
701 1419 868 1494 roboreui
891 1461 903 1480 ·
930 1419 1012 1494 Hiis
1031 1419 1179 1494 testibus
1200 1417 1364 1494 Johanue
1388 1419 1525 1521 Kohyn
1551 1459 1560 1480 ·
1586 1419 1752 1496 Johenne

243 1556 288 1630 de
300 1553 444 1629 Lebatil
461 1593 471 1614 ·
487 1554 652 1629 Johanne
663 1554 787 1629 Abbot
804 1590 814 1612 ·
832 1553 1006 1629 Nreholse
1019 1554 1064 1628 de
1077 1553 1287 1629 Seerdbrew
1307 1595 1316 1613 ·
1333 1553 1513 1629 Willehno
1530 1555 1575 1630 de
1587 1554 1750 1631 Dunde·

244 1685 392 1762 Andrea
408 1685 527 1762 Teket
544 1726 554 1748 ·
573 1685 731 1762 Henriee
748 1686 794 1762 de
810 1684 965 1761 Bedford
984 1728 994 1748 ·
1011 1686 1166 1762 Rimrde
1183 1687 1228 1762 de
1245 1685 1409 1762 Berewils
1426 1701 1462 1762 et
1478 1686 1598 1762 multis
1614 1686 1690 1762 aliis
1710 1730 1717 1746 ·

247 2061 367 2164 Carta
383 2083 551 2159 wilelmi
567 2084 630 2186 enj
651 2085 787 2186 Hauyk
804 2082 849 2159 ee
865 2059 960 2160 teria
975 2083 1021 2159 ‹10
1038 2085 1177 2161 reeh·

182 2345 228 2416 40
248 2326 441 2429 Omnibus
468 2351 600 2427 Christi
624 2350 789 2426 fidehbus
821 2349 890 2424 hee
920 2349 1089 2450 seriptum
1112 2347 1235 2423 visuris
1260 2347 1316 2424 vel
1350 2349 1521 2426 audituris
1547 2345 1746 2428 Willelmus

243 2485 336 2559 filius
357 2483 519 2558 Huwoelr
537 2483 717 2583 burgenlis
738 2481 783 2557 de
810 2480 922 2556 Perth
947 2479 1093 2556 salutem
1116 2495 1276 2556 eternam
1296 2481 1334 2554 in
1354 2481 1498 2557 domino
1525 2523 1535 2543 ·
1561 2481 1602 2558 N
1602 2484 1747 2560 eueritis

243 2644 301 2692 me
328 2616 458 2691 dediffe
477 2630 515 2691 et
539 2615 732 2690 eeneeffill'e
758 2628 796 2689 et
821 2614 889 2689 hee
915 2613 1067 2715 presenti
1089 2627 1187 2688 certa
1206 2639 1287 2689 mee
1307 2615 1525 2691 confirmaffe
1544 2642 1609 2717 pro
1630 2643 1688 2692 me
1711 2631 1747 2693 et

242 2749 431 2826 heredibus
463 2749 552 2824 meis
585 2749 623 2823 in
656 2761 869 2850 perpetuum
901 2747 970 2823 dee
1001 2759 1041 2821 et
1071 2748 1176 2822 beate
1209 2748 1326 2831 merie
1359 2761 1397 2824 et
1430 2750 1546 2826 sanet
1588 2751 1747 2826 Johenni

242 2882 397 2984 apostole
438 2897 475 2958 et
508 2882 720 2983 euangeliste
753 2882 799 2957 de
836 2878 954 2955 Insula
989 2880 1175 2964 oeiffmum
1216 2894 1252 2955 et
1292 2882 1470 2958 eanonieis
1505 2883 1638 2958 ibidem
1680 2885 1747 2961 dee

243 3018 473 3093 seruientibus
491 3031 528 3092 et
544 3016 582 3090 in
598 3029 812 3117 perpetuum
833 3014 1012 3090 seruitutis
1035 3040 1100 3114 pro
1118 3013 1271 3114 quadum
1292 3015 1429 3090 summa
1447 3017 1618 3116 peccunie
1639 3045 1745 3119 quam

243 3147 331 3222 mihi
350 3174 414 3249 pre
436 3148 601 3222 manibus
620 3147 659 3220 in
678 3172 758 3221 mee
776 3171 907 3246 magna
925 3146 1125 3221 neeeffitste
1150 3145 1325 3220 dederunt
1350 3160 1461 3221 totum
1481 3161 1614 3222 terram
1639 3176 1746 3249 quam

245 3280 344 3355 tenui
365 3280 411 3354 de
433 3279 562 3354 abbate
583 3293 622 3353 et
643 3289 824 3353 conuentu
847 3277 893 3350 de
916 3275 1034 3351 Scene
1055 3276 1094 3349 in
1115 3274 1197 3349 villa
1217 3275 1262 3350 de
1284 3275 1395 3351 Perth
1415 3275 1454 3350 in
1472 3276 1531 3352 vie
1553 3278 1687 3354 boreali
1709 3296 1746 3356 et

244 3427 359 3490 tetum
378 3414 439 3513 jus
460 3411 555 3512 quod
575 3411 687 3486 habeo
703 3424 740 3485 et
756 3409 853 3510 qued
867 3408 956 3482 mihi
971 3422 1008 3484 et
1024 3407 1214 3483 heredibus
1231 3408 1319 3482 meis
1335 3421 1536 3509 competere
1555 3413 1688 3511 poterit
1708 3413 1746 3488 in

244 3546 403 3620 futumm
420 3544 458 3617 in
474 3557 568 3618 terre
582 3540 739 3643 predita
757 3584 766 3600 ·
784 3540 995 3615 Tenendam
1011 3553 1047 3614 et
1062 3539 1262 3614 habendam
1279 3539 1359 3640 ipsis
1375 3541 1553 3616 canonicis
1570 3541 1615 3616 de
1629 3543 1747 3620 Insula

244 3681 426 3763 oeiss'arum
451 3691 488 3753 et
516 3701 639 3751 eorum
671 3673 916 3748 sueeefforibus
942 3672 980 3745 in
1007 3685 1221 3772 perpetuum
1246 3669 1355 3746 libere
1382 3671 1502 3771 quiete
1526 3671 1683 3773 plenarie
1710 3692 1747 3754 et

244 3810 436 3886 honorifice
461 3847 471 3868 ·
498 3805 698 3882 Reddende
717 3803 802 3878 inde
827 3804 1012 3877 annuatim
1033 3803 1112 3904 iplis
1134 3802 1255 3878 abbati
1278 3816 1314 3879 et
1339 3804 1532 3880 conuentui
1556 3806 1601 3882 de
1629 3805 1746 3884 Scene

244 3947 382 4018 firmem
401 3967 507 4044 quam
527 3965 594 4042 ego
614 3939 667 4015 eis
689 3937 820 4013 soluere
843 3937 1009 4012 eonsueui
1034 3978 1044 3997 ·
1070 3935 1233 4012 videlieet
1255 3937 1413 4038 quinque
1441 3938 1566 4014 solidos
1586 3941 1633 4016 ed
1656 3943 1745 4018 dues

243 4078 326 4152 enni
350 4075 519 4152 termines
544 4073 769 4147 medietatem
793 4070 922 4146 seilicet
946 4069 993 4144 ad
1018 4069 1237 4169 pentieesten
1261 4083 1298 4146 et
1320 4069 1425 4146 aliam
1449 4073 1677 4150 medietatem
1698 4076 1745 4151 ed

242 4210 367 4284 festum
399 4206 505 4282 sandli
537 4203 688 4289 martini
717 4203 754 4276 in
788 4208 893 4304 yeme
925 4229 991 4302 pro
1016 4202 1114 4276 omui
1140 4200 1283 4276 semieio
1316 4202 1461 4277 seculari
1493 4205 1745 4283 consuetudine

243 4341 422 4416 exuitione
438 4352 475 4414 et
491 4337 667 4412 demands
684 4379 693 4394 ·
710 4333 804 4409 seluo
820 4334 965 4409 seruicio
982 4334 1117 4410 domini
1134 4333 1245 4446 Regis
1269 4374 1278 4395 ·
1301 4335 1346 4408 In
1363 4337 1465 4436 eujus
1482 4337 1534 4412 rei
1549 4338 1745 4414 testimoni-

243 4501 304 4550 um
320 4473 404 4549 huie
418 4472 546 4573 scripto
561 4468 708 4570 tigillum
726 4493 846 4544 meum
862 4468 1006 4570 apposui
1024 4509 1034 4529 ·
1053 4466 1136 4544 Hiis
1152 4467 1298 4544 testibus
1315 4467 1493 4545 Willelme
1510 4471 1556 4547 de
1577 4471 1714 4550 Dunde
1733 4511 1741 4534 ·
