<?xml version="1.0" encoding="UTF-8"?>
<!DOCTYPE html PUBLIC "-//W3C//DTD XHTML 1.0 Transitional//EN"
    "http://www.w3.org/TR/xhtml1/DTD/xhtml1-transitional.dtd">
<html xmlns="http://www.w3.org/1999/xhtml" xml:lang="en" lang="en">
 <head>
  <title>
</title>
<meta http-equiv="Content-Type" content="text/html;charset=utf-8" />
  <meta name='ocr-system' content='tesseract 3.04.00' />
  <meta name='ocr-capabilities' content='ocr_page ocr_carea ocr_par ocr_line ocrx_word'/>
</head>
<body>
  <div class='ocr_page' id='page_1' title='image "./liberinsulemiss01innegoog_0124.png"; bbox 0 0 4450 6034; ppageno 0'>
   <div class='ocr_carea' id='block_1_1' title="bbox 481 591 1412 670">
    <p class='ocr_par' dir='ltr' id='par_1_1' title="bbox 481 591 1412 670">
     <span class='ocr_line' id='line_1_1' title="bbox 481 591 1412 670; baseline 0.001 -3"><span class='ocrx_word' id='word_1_1' title='bbox 481 598 529 668; x_wconf 82' lang='lat'>46</span> <span class='ocrx_word' id='word_1_2' title='bbox 682 627 687 638; x_wconf 90' lang='lat'><strong>·</strong></span> <span class='ocrx_word' id='word_1_3' title='bbox 1051 591 1412 670; x_wconf 84' lang='lat' dir='ltr'><strong>REGISTRUM</strong></span> 
     </span>
    </p>
   </div>
   <div class='ocr_carea' id='block_1_2' title="bbox 421 824 1992 3030">
    <p class='ocr_par' dir='ltr' id='par_1_2' title="bbox 475 824 1992 2385">
     <span class='ocr_line' id='line_1_2' title="bbox 479 824 1992 927; baseline -0.001 -24"><span class='ocrx_word' id='word_1_4' title='bbox 479 843 516 903; x_wconf 88' lang='lat' dir='ltr'>et</span> <span class='ocrx_word' id='word_1_5' title='bbox 536 825 750 926; x_wconf 80' lang='lat' dir='ltr'>euangelisbe</span> <span class='ocrx_word' id='word_1_6' title='bbox 767 840 804 902; x_wconf 87' lang='lat' dir='ltr'>et</span> <span class='ocrx_word' id='word_1_7' title='bbox 822 825 999 902; x_wconf 78' lang='lat' dir='ltr'>cononicis</span> <span class='ocrx_word' id='word_1_8' title='bbox 1015 825 1151 926; x_wconf 87' lang='lat' dir='ltr'>prefate</span> <span class='ocrx_word' id='word_1_9' title='bbox 1169 826 1285 901; x_wconf 89' lang='lat' dir='ltr'>Insule</span> <span class='ocrx_word' id='word_1_10' title='bbox 1301 852 1367 927; x_wconf 93' lang='lat' dir='ltr'>pro</span> <span class='ocrx_word' id='word_1_11' title='bbox 1379 824 1489 902; x_wconf 84' lang='lat' dir='ltr'>saluto</span> <span class='ocrx_word' id='word_1_12' title='bbox 1506 827 1624 902; x_wconf 85' lang='lat' dir='ltr'>anime</span> <span class='ocrx_word' id='word_1_13' title='bbox 1636 851 1716 901; x_wconf 88' lang='lat' dir='ltr'>mec</span> <span class='ocrx_word' id='word_1_14' title='bbox 1739 841 1776 902; x_wconf 90' lang='lat' dir='ltr'>et</span> <span class='ocrx_word' id='word_1_15' title='bbox 1792 825 1992 902; x_wconf 83' lang='lat' dir='ltr'>animarum</span> 
     </span>
     <span class='ocr_line' id='line_1_3' title="bbox 479 959 1991 1062; baseline 0.002 -28"><span class='ocrx_word' id='word_1_16' title='bbox 479 960 759 1060; x_wconf 85' lang='lat' dir='ltr'>predeoefforum</span> <span class='ocrx_word' id='word_1_17' title='bbox 783 959 1011 1036; x_wconf 75' lang='lat' dir='ltr'>snccefl&#39;orum</span> <span class='ocrx_word' id='word_1_18' title='bbox 1037 974 1074 1036; x_wconf 87' lang='lat' dir='ltr'>et</span> <span class='ocrx_word' id='word_1_19' title='bbox 1098 975 1287 1061; x_wconf 87' lang='lat' dir='ltr'>parentum</span> <span class='ocrx_word' id='word_1_20' title='bbox 1314 986 1476 1036; x_wconf 88' lang='lat' dir='ltr'>meorum</span> <span class='ocrx_word' id='word_1_21' title='bbox 1501 961 1691 1062; x_wconf 82' lang='lat' dir='ltr'>inpurum</span> <span class='ocrx_word' id='word_1_22' title='bbox 1718 975 1755 1036; x_wconf 92' lang='lat' dir='ltr'>et</span> <span class='ocrx_word' id='word_1_23' title='bbox 1779 977 1991 1062; x_wconf 84' lang='lat' dir='ltr'>perpetuam</span> 
     </span>
     <span class='ocr_line' id='line_1_4' title="bbox 479 1092 1989 1195; baseline 0.003 -28"><span class='ocrx_word' id='word_1_24' title='bbox 479 1092 702 1168; x_wconf 84' lang='lat' dir='ltr'>elemosinam</span> <span class='ocrx_word' id='word_1_25' title='bbox 718 1119 784 1194; x_wconf 89' lang='lat' dir='ltr'>per</span> <span class='ocrx_word' id='word_1_26' title='bbox 799 1092 979 1194; x_wconf 82' lang='lat' dir='ltr'>presentes</span> <span class='ocrx_word' id='word_1_27' title='bbox 1001 1092 1274 1170; x_wconf 84' lang='lat' dir='ltr'>irreuocabiliter</span> <span class='ocrx_word' id='word_1_28' title='bbox 1297 1095 1467 1170; x_wconf 87' lang='lat' dir='ltr'>confirmo</span> <span class='ocrx_word' id='word_1_29' title='bbox 1485 1095 1562 1170; x_wconf 85' lang='lat' dir='ltr'>etsi</span> <span class='ocrx_word' id='word_1_30' title='bbox 1579 1095 1666 1195; x_wconf 92' lang='lat' dir='ltr'>quid</span> <span class='ocrx_word' id='word_1_31' title='bbox 1684 1094 1721 1168; x_wconf 93' lang='lat' dir='ltr'>in</span> <span class='ocrx_word' id='word_1_32' title='bbox 1738 1094 1989 1172; x_wconf 80' lang='lat' dir='ltr'>donationibus</span> 
     </span>
     <span class='ocr_line' id='line_1_5' title="bbox 478 1225 1988 1326; baseline 0.001 -28"><span class='ocrx_word' id='word_1_33' title='bbox 478 1225 758 1324; x_wconf 74' lang='lat' dir='ltr'>prodecofl&#39;orum</span> <span class='ocrx_word' id='word_1_34' title='bbox 778 1251 940 1300; x_wconf 89' lang='lat' dir='ltr'>meorum</span> <span class='ocrx_word' id='word_1_35' title='bbox 960 1225 1072 1300; x_wconf 86' lang='lat' dir='ltr'>defuit</span> <span class='ocrx_word' id='word_1_36' title='bbox 1094 1226 1255 1326; x_wconf 86' lang='lat' dir='ltr'>supplere</span> <span class='ocrx_word' id='word_1_37' title='bbox 1277 1252 1351 1301; x_wconf 93' lang='lat' dir='ltr'>non</span> <span class='ocrx_word' id='word_1_38' title='bbox 1372 1226 1494 1301; x_wconf 90' lang='lat' dir='ltr'>recuso</span> <span class='ocrx_word' id='word_1_39' title='bbox 1516 1267 1525 1286; x_wconf 90' lang='lat'><strong>·</strong></span> <span class='ocrx_word' id='word_1_40' title='bbox 1551 1225 1601 1301; x_wconf 87' lang='lat' dir='ltr'>Et</span> <span class='ocrx_word' id='word_1_41' title='bbox 1621 1242 1660 1301; x_wconf 85' lang='lat' dir='ltr'>vt</span> <span class='ocrx_word' id='word_1_42' title='bbox 1680 1227 1747 1301; x_wconf 90' lang='lat' dir='ltr'>bec</span> <span class='ocrx_word' id='word_1_43' title='bbox 1768 1227 1988 1301; x_wconf 84' lang='lat' dir='ltr'>confirmatio</span> 
     </span>
     <span class='ocr_line' id='line_1_6' title="bbox 478 1357 1987 1460; baseline 0.002 -29"><span class='ocrx_word' id='word_1_44' title='bbox 478 1383 560 1434; x_wconf 88' lang='lat' dir='ltr'>mea</span> <span class='ocrx_word' id='word_1_45' title='bbox 583 1359 691 1431; x_wconf 89' lang='lat' dir='ltr'>robur</span> <span class='ocrx_word' id='word_1_46' title='bbox 711 1357 888 1433; x_wconf 87' lang='lat' dir='ltr'>firmitatis</span> <span class='ocrx_word' id='word_1_47' title='bbox 909 1357 1067 1433; x_wconf 84' lang='lat' dir='ltr'>obtineat</span> <span class='ocrx_word' id='word_1_48' title='bbox 1086 1359 1337 1460; x_wconf 81' lang='lat' dir='ltr'>inperpetuum</span> <span class='ocrx_word' id='word_1_49' title='bbox 1357 1359 1488 1434; x_wconf 82' lang='lat' dir='ltr'><strong>subicio</strong></span> <span class='ocrx_word' id='word_1_50' title='bbox 1515 1385 1573 1435; x_wconf 89' lang='lat' dir='ltr'>mo</span> <span class='ocrx_word' id='word_1_51' title='bbox 1599 1375 1636 1434; x_wconf 88' lang='lat' dir='ltr'>et</span> <span class='ocrx_word' id='word_1_52' title='bbox 1658 1359 1807 1436; x_wconf 87' lang='lat' dir='ltr'>heredes</span> <span class='ocrx_word' id='word_1_53' title='bbox 1827 1385 1926 1434; x_wconf 88' lang='lat' dir='ltr'>meos</span> <span class='ocrx_word' id='word_1_54' title='bbox 1949 1386 1987 1434; x_wconf 85' lang='lat' dir='ltr'>sc</span> 
     </span>
     <span class='ocr_line' id='line_1_7' title="bbox 479 1477 1987 1594; baseline 0 -28"><span class='ocrx_word' id='word_1_55' title='bbox 479 1517 603 1566; x_wconf 89' lang='lat' dir='ltr'>omnes</span> <span class='ocrx_word' id='word_1_56' title='bbox 628 1477 845 1590; x_wconf 82' lang='lat' dir='ltr'>pofl&#39;cffiones</span> <span class='ocrx_word' id='word_1_57' title='bbox 870 1492 1004 1566; x_wconf 84' lang='lat' dir='ltr'>nostras</span> <span class='ocrx_word' id='word_1_58' title='bbox 1028 1491 1228 1568; x_wconf 87' lang='lat' dir='ltr'>cohercicni</span> <span class='ocrx_word' id='word_1_59' title='bbox 1254 1507 1290 1568; x_wconf 91' lang='lat' dir='ltr'>et</span> <span class='ocrx_word' id='word_1_60' title='bbox 1309 1492 1540 1592; x_wconf 77' lang='lat' dir='ltr'>jurisdictioni</span> <span class='ocrx_word' id='word_1_61' title='bbox 1564 1493 1808 1594; x_wconf 87' lang='lat' dir='ltr'>episcoporum</span> <span class='ocrx_word' id='word_1_62' title='bbox 1834 1509 1872 1568; x_wconf 84' lang='lat' dir='ltr'>et</span> <span class='ocrx_word' id='word_1_63' title='bbox 1894 1492 1987 1567; x_wconf 90' lang='lat' dir='ltr'>ordi-</span> 
     </span>
     <span class='ocr_line' id='line_1_8' title="bbox 478 1619 1985 1724; baseline 0 -28"><span class='ocrx_word' id='word_1_64' title='bbox 478 1621 658 1696; x_wconf 87' lang='lat' dir='ltr'>nariorum</span> <span class='ocrx_word' id='word_1_65' title='bbox 682 1620 822 1697; x_wconf 85' lang='lat' dir='ltr'>ecclesie</span> <span class='ocrx_word' id='word_1_66' title='bbox 844 1619 1108 1696; x_wconf 83' lang='lat' dir='ltr'>Dunblanensrs</span> <span class='ocrx_word' id='word_1_67' title='bbox 1128 1621 1190 1721; x_wconf 93' lang='lat' dir='ltr'>qui</span> <span class='ocrx_word' id='word_1_68' title='bbox 1212 1647 1277 1722; x_wconf 92' lang='lat' dir='ltr'>pro</span> <span class='ocrx_word' id='word_1_69' title='bbox 1300 1637 1460 1724; x_wconf 88' lang='lat' dir='ltr'>tempore</span> <span class='ocrx_word' id='word_1_70' title='bbox 1484 1623 1617 1698; x_wconf 86' lang='lat' dir='ltr'>fuerint</span> <span class='ocrx_word' id='word_1_71' title='bbox 1640 1622 1704 1698; x_wconf 90' lang='lat' dir='ltr'>snb</span> <span class='ocrx_word' id='word_1_72' title='bbox 1725 1647 1820 1722; x_wconf 91' lang='lat' dir='ltr'>pena</span> <span class='ocrx_word' id='word_1_73' title='bbox 1844 1639 1985 1698; x_wconf 90' lang='lat' dir='ltr'>centum</span> 
     </span>
     <span class='ocr_line' id='line_1_9' title="bbox 478 1751 1985 1866; baseline 0 -39"><span class='ocrx_word' id='word_1_74' title='bbox 478 1751 665 1828; x_wconf 85' lang='lat' dir='ltr'>solidorum</span> <span class='ocrx_word' id='word_1_75' title='bbox 676 1751 807 1827; x_wconf 88' lang='lat' dir='ltr'>fabrice</span> <span class='ocrx_word' id='word_1_76' title='bbox 823 1751 1070 1866; x_wconf 82' lang='lat' dir='ltr'>Dunblancnli</span> <span class='ocrx_word' id='word_1_77' title='bbox 1085 1751 1378 1852; x_wconf 80' lang='lat' dir='ltr'>applicandorum</span> <span class='ocrx_word' id='word_1_78' title='bbox 1399 1755 1424 1826; x_wconf 85' lang='lat' dir='ltr'><strong>fi</strong></span> <span class='ocrx_word' id='word_1_79' title='bbox 1445 1754 1629 1855; x_wconf 82' lang='lat' dir='ltr'>contingat</span> <span class='ocrx_word' id='word_1_80' title='bbox 1650 1780 1714 1829; x_wconf 86' lang='lat' dir='ltr'>nos</span> <span class='ocrx_word' id='word_1_81' title='bbox 1735 1754 1832 1854; x_wconf 92' lang='lat' dir='ltr'>quod</span> <span class='ocrx_word' id='word_1_82' title='bbox 1848 1755 1985 1829; x_wconf 82' lang='lat' dir='ltr'>absitiu</span> 
     </span>
     <span class='ocr_line' id='line_1_10' title="bbox 477 1884 1986 1987; baseline 0 -27"><span class='ocrx_word' id='word_1_83' title='bbox 477 1902 578 1987; x_wconf 87' lang='lat' dir='ltr'>parto</span> <span class='ocrx_word' id='word_1_84' title='bbox 594 1884 650 1960; x_wconf 87' lang='lat' dir='ltr'>vel</span> <span class='ocrx_word' id='word_1_85' title='bbox 666 1884 704 1958; x_wconf 90' lang='lat' dir='ltr'>in</span> <span class='ocrx_word' id='word_1_86' title='bbox 721 1899 797 1962; x_wconf 86' lang='lat' dir='ltr'>toto</span> <span class='ocrx_word' id='word_1_87' title='bbox 817 1899 856 1960; x_wconf 83' lang='lat' dir='ltr'>vt</span> <span class='ocrx_word' id='word_1_88' title='bbox 876 1885 1080 1985; x_wconf 79' lang='lat' dir='ltr'>premissum</span> <span class='ocrx_word' id='word_1_89' title='bbox 1103 1885 1154 1959; x_wconf 86' lang='lat' dir='ltr'>est</span> <span class='ocrx_word' id='word_1_90' title='bbox 1174 1885 1324 1960; x_wconf 86' lang='lat' dir='ltr'>delicere</span> <span class='ocrx_word' id='word_1_91' title='bbox 1347 1887 1407 1962; x_wconf 87' lang='lat' dir='ltr'>seu</span> <span class='ocrx_word' id='word_1_92' title='bbox 1424 1901 1548 1962; x_wconf 89' lang='lat' dir='ltr'>contra</span> <span class='ocrx_word' id='word_1_93' title='bbox 1568 1885 1661 1962; x_wconf 86' lang='lat' dir='ltr'>hanc</span> <span class='ocrx_word' id='word_1_94' title='bbox 1682 1887 1986 1962; x_wconf 86' lang='lat' dir='ltr'>confirmationem</span> 
     </span>
     <span class='ocr_line' id='line_1_11' title="bbox 476 2015 1985 2120; baseline -0.001 -27"><span class='ocrx_word' id='word_1_95' title='bbox 476 2017 674 2119; x_wconf 80' lang='lat' dir='ltr'>aliqualiter</span> <span class='ocrx_word' id='word_1_96' title='bbox 695 2017 815 2094; x_wconf 87' lang='lat' dir='ltr'>venire</span> <span class='ocrx_word' id='word_1_97' title='bbox 838 2015 935 2091; x_wconf 90' lang='lat' dir='ltr'>nullo</span> <span class='ocrx_word' id='word_1_98' title='bbox 960 2017 998 2090; x_wconf 90' lang='lat' dir='ltr'>in</span> <span class='ocrx_word' id='word_1_99' title='bbox 1023 2015 1239 2090; x_wconf 89' lang='lat' dir='ltr'>contrarium</span> <span class='ocrx_word' id='word_1_100' title='bbox 1265 2031 1388 2092; x_wconf 87' lang='lat' dir='ltr'>contra</span> <span class='ocrx_word' id='word_1_101' title='bbox 1412 2018 1555 2118; x_wconf 83' lang='lat' dir='ltr'>presens</span> <span class='ocrx_word' id='word_1_102' title='bbox 1583 2019 1751 2118; x_wconf 87' lang='lat' dir='ltr'>scriptum</span> <span class='ocrx_word' id='word_1_103' title='bbox 1780 2019 1985 2120; x_wconf 88' lang='lat' dir='ltr'>inposterim</span> 
     </span>
     <span class='ocr_line' id='line_1_12' title="bbox 476 2146 1985 2252; baseline -0.003 -28"><span class='ocrx_word' id='word_1_104' title='bbox 476 2149 709 2252; x_wconf 90' lang='lat' dir='ltr'>proponendo</span> <span class='ocrx_word' id='word_1_105' title='bbox 725 2151 885 2225; x_wconf 85' lang='lat' dir='ltr'>obstante</span> <span class='ocrx_word' id='word_1_106' title='bbox 903 2191 913 2208; x_wconf 94' lang='lat'><strong>·</strong></span> <span class='ocrx_word' id='word_1_107' title='bbox 934 2147 1015 2248; x_wconf 84' lang='lat' dir='ltr'>Ego</span> <span class='ocrx_word' id='word_1_108' title='bbox 1030 2174 1115 2224; x_wconf 82' lang='lat' dir='ltr'>vero</span> <span class='ocrx_word' id='word_1_109' title='bbox 1132 2147 1298 2222; x_wconf 85' lang='lat' dir='ltr'>Andreas</span> <span class='ocrx_word' id='word_1_110' title='bbox 1316 2161 1352 2221; x_wconf 94' lang='lat' dir='ltr'>et</span> <span class='ocrx_word' id='word_1_111' title='bbox 1368 2146 1517 2222; x_wconf 86' lang='lat' dir='ltr'>heredes</span> <span class='ocrx_word' id='word_1_112' title='bbox 1534 2148 1605 2222; x_wconf 90' lang='lat' dir='ltr'>mei</span> <span class='ocrx_word' id='word_1_113' title='bbox 1622 2147 1816 2248; x_wconf 79' lang='lat' dir='ltr'>predidlam</span> <span class='ocrx_word' id='word_1_114' title='bbox 1832 2172 1985 2220; x_wconf 87' lang='lat' dir='ltr'>marcam</span> 
     </span>
     <span class='ocr_line' id='line_1_13' title="bbox 475 2278 1984 2385; baseline -0.001 -27"><span class='ocrx_word' id='word_1_115' title='bbox 475 2283 620 2385; x_wconf 80' lang='lat' dir='ltr'>prefatis</span> <span class='ocrx_word' id='word_1_116' title='bbox 639 2282 803 2383; x_wconf 82' lang='lat' dir='ltr'>religiosis</span> <span class='ocrx_word' id='word_1_117' title='bbox 828 2282 866 2356; x_wconf 90' lang='lat' dir='ltr'>in</span> <span class='ocrx_word' id='word_1_118' title='bbox 889 2297 1101 2382; x_wconf 87' lang='lat' dir='ltr'>perpetuum</span> <span class='ocrx_word' id='word_1_119' title='bbox 1122 2279 1449 2356; x_wconf 84' lang='lat' dir='ltr'>warrantizabimus</span> <span class='ocrx_word' id='word_1_120' title='bbox 1470 2294 1506 2354; x_wconf 90' lang='lat' dir='ltr'>et</span> <span class='ocrx_word' id='word_1_121' title='bbox 1529 2278 1762 2355; x_wconf 85' lang='lat' dir='ltr'>defendemus</span> <span class='ocrx_word' id='word_1_122' title='bbox 1787 2323 1795 2340; x_wconf 92' lang='lat'><strong>·</strong></span> <span class='ocrx_word' id='word_1_123' title='bbox 1820 2280 1866 2355; x_wconf 93' lang='lat' dir='ltr'>In</span> <span class='ocrx_word' id='word_1_124' title='bbox 1886 2281 1984 2380; x_wconf 88' lang='lat' dir='ltr'>cujus</span> 
     </span>
    </p>

    <p class='ocr_par' dir='ltr' id='par_1_3' title="bbox 421 2387 1982 3030">
     <span class='ocr_line' id='line_1_14' title="bbox 421 2387 1982 2516; baseline -0.001 -26"><span class='ocrx_word' id='word_1_125' title='bbox 421 2387 425 2392; x_wconf 88' lang='lat'><em>.</em></span> <span class='ocrx_word' id='word_1_126' title='bbox 474 2416 528 2490; x_wconf 90' lang='lat' dir='ltr'>rei</span> <span class='ocrx_word' id='word_1_127' title='bbox 556 2413 793 2492; x_wconf 83' lang='lat' dir='ltr'>testimonium</span> <span class='ocrx_word' id='word_1_128' title='bbox 823 2413 974 2514; x_wconf 84' lang='lat' dir='ltr'>presenti</span> <span class='ocrx_word' id='word_1_129' title='bbox 1002 2413 1131 2513; x_wconf 91' lang='lat' dir='ltr'>scripto</span> <span class='ocrx_word' id='word_1_130' title='bbox 1161 2412 1309 2514; x_wconf 83' lang='lat' dir='ltr'>sigillum</span> <span class='ocrx_word' id='word_1_131' title='bbox 1340 2439 1461 2488; x_wconf 90' lang='lat' dir='ltr'>meum</span> <span class='ocrx_word' id='word_1_132' title='bbox 1488 2413 1633 2514; x_wconf 91' lang='lat' dir='ltr'>apposui</span> <span class='ocrx_word' id='word_1_133' title='bbox 1658 2427 1694 2489; x_wconf 91' lang='lat' dir='ltr'>et</span> <span class='ocrx_word' id='word_1_134' title='bbox 1718 2414 1766 2488; x_wconf 88' lang='lat' dir='ltr'>ad</span> <span class='ocrx_word' id='word_1_135' title='bbox 1789 2412 1982 2516; x_wconf 87' lang='lat' dir='ltr'>pleniorem</span> 
     </span>
     <span class='ocr_line' id='line_1_15' title="bbox 475 2545 1980 2648; baseline -0.001 -24"><span class='ocrx_word' id='word_1_136' title='bbox 475 2549 691 2624; x_wconf 84' lang='lat' dir='ltr'>euidentiam</span> <span class='ocrx_word' id='word_1_137' title='bbox 704 2546 804 2622; x_wconf 70' lang='lat' dir='ltr'>dictis</span> <span class='ocrx_word' id='word_1_138' title='bbox 816 2545 981 2647; x_wconf 81' lang='lat' dir='ltr'>religiosis</span> <span class='ocrx_word' id='word_1_139' title='bbox 992 2545 1190 2622; x_wconf 83' lang='lat' dir='ltr'>faciendam</span> <span class='ocrx_word' id='word_1_140' title='bbox 1204 2545 1312 2648; x_wconf 83' lang='lat' dir='ltr'>sigilla</span> <span class='ocrx_word' id='word_1_141' title='bbox 1322 2545 1531 2622; x_wconf 86' lang='lat' dir='ltr'>venerabilis</span> <span class='ocrx_word' id='word_1_142' title='bbox 1543 2547 1655 2646; x_wconf 90' lang='lat' dir='ltr'>patris</span> <span class='ocrx_word' id='word_1_143' title='bbox 1668 2547 1804 2622; x_wconf 92' lang='lat' dir='ltr'>domini</span> <span class='ocrx_word' id='word_1_144' title='bbox 1817 2549 1980 2648; x_wconf 63' lang='lat' dir='ltr'>mauricij</span> 
     </span>
     <span class='ocr_line' id='line_1_16' title="bbox 475 2678 1982 2783; baseline -0.001 -25"><span class='ocrx_word' id='word_1_145' title='bbox 475 2683 534 2758; x_wconf 86' lang='lat' dir='ltr'>dei</span> <span class='ocrx_word' id='word_1_146' title='bbox 548 2682 663 2782; x_wconf 81' lang='lat' dir='ltr'>gratia</span> <span class='ocrx_word' id='word_1_147' title='bbox 678 2681 831 2783; x_wconf 81' lang='lat' dir='ltr'>episcopi</span> <span class='ocrx_word' id='word_1_148' title='bbox 852 2678 1115 2754; x_wconf 85' lang='lat' dir='ltr'>Dnnblaneufis</span> <span class='ocrx_word' id='word_1_149' title='bbox 1138 2695 1175 2755; x_wconf 89' lang='lat' dir='ltr'>et</span> <span class='ocrx_word' id='word_1_150' title='bbox 1192 2680 1326 2755; x_wconf 91' lang='lat' dir='ltr'>domini</span> <span class='ocrx_word' id='word_1_151' title='bbox 1345 2678 1506 2755; x_wconf 86' lang='lat' dir='ltr'>Donaldi</span> <span class='ocrx_word' id='word_1_152' title='bbox 1523 2680 1650 2756; x_wconf 85' lang='lat' dir='ltr'>decani</span> <span class='ocrx_word' id='word_1_153' title='bbox 1667 2682 1822 2782; x_wconf 87' lang='lat' dir='ltr'>ejusdem</span> <span class='ocrx_word' id='word_1_154' title='bbox 1841 2684 1982 2782; x_wconf 89' lang='lat' dir='ltr'>presen-</span> 
     </span>
     <span class='ocr_line' id='line_1_17' title="bbox 474 2811 1980 2914; baseline 0 -24"><span class='ocrx_word' id='word_1_155' title='bbox 474 2815 569 2890; x_wconf 90' lang='lat' dir='ltr'>tibus</span> <span class='ocrx_word' id='word_1_156' title='bbox 585 2815 666 2889; x_wconf 92' lang='lat' dir='ltr'>sunt</span> <span class='ocrx_word' id='word_1_157' title='bbox 687 2813 842 2914; x_wconf 85' lang='lat' dir='ltr'>appensa</span> <span class='ocrx_word' id='word_1_158' title='bbox 859 2855 868 2871; x_wconf 92' lang='lat'><strong>·</strong></span> <span class='ocrx_word' id='word_1_159' title='bbox 888 2811 1029 2886; x_wconf 85' lang='lat' dir='ltr'>Datum</span> <span class='ocrx_word' id='word_1_160' title='bbox 1046 2813 1083 2886; x_wconf 90' lang='lat' dir='ltr'>in</span> <span class='ocrx_word' id='word_1_161' title='bbox 1099 2812 1185 2888; x_wconf 87' lang='lat' dir='ltr'>festo</span> <span class='ocrx_word' id='word_1_162' title='bbox 1205 2813 1300 2888; x_wconf 89' lang='lat' dir='ltr'>beati</span> <span class='ocrx_word' id='word_1_163' title='bbox 1317 2812 1430 2888; x_wconf 91' lang='lat' dir='ltr'>Beani</span> <span class='ocrx_word' id='word_1_164' title='bbox 1448 2813 1598 2914; x_wconf 84' lang='lat' dir='ltr'>episcopi</span> <span class='ocrx_word' id='word_1_165' title='bbox 1615 2829 1653 2890; x_wconf 85' lang='lat' dir='ltr'>et</span> <span class='ocrx_word' id='word_1_166' title='bbox 1673 2813 1872 2890; x_wconf 81' lang='lat' dir='ltr'>confessoris</span> <span class='ocrx_word' id='word_1_167' title='bbox 1889 2842 1980 2890; x_wconf 91' lang='lat' dir='ltr'>anno</span> 
     </span>
     <span class='ocr_line' id='line_1_18' title="bbox 473 2944 1225 3030; baseline -0.001 -7"><span class='ocrx_word' id='word_1_168' title='bbox 473 2947 608 3023; x_wconf 88' lang='lat' dir='ltr'>domini</span> <span class='ocrx_word' id='word_1_169' title='bbox 624 2944 800 3030; x_wconf 78' lang='lat' dir='ltr'>millesimo</span> <span class='ocrx_word' id='word_1_170' title='bbox 816 2952 914 3020; x_wconf 67' lang='grc' dir='ltr'>000Ιυο</span> <span class='ocrx_word' id='word_1_171' title='bbox 926 2945 1085 3021; x_wconf 79' lang='lat' dir='ltr'>vicesimo</span> <span class='ocrx_word' id='word_1_172' title='bbox 1102 2971 1197 3022; x_wconf 92' lang='lat' dir='ltr'>nono</span> <span class='ocrx_word' id='word_1_173' title='bbox 1217 2989 1225 3006; x_wconf 92' lang='lat'><strong>·</strong></span> 
     </span>
    </p>
   </div>
   <div class='ocr_carea' id='block_1_3' title="bbox 472 3324 1978 3584">
    <p class='ocr_par' dir='ltr' id='par_1_4' title="bbox 472 3324 1978 3584">
     <span class='ocr_line' id='line_1_19' title="bbox 476 3324 1978 3445; baseline -0.005 -21"><span class='ocrx_word' id='word_1_174' title='bbox 476 3324 688 3426; x_wconf 63' lang='lat' dir='ltr'>densorum</span> <span class='ocrx_word' id='word_1_175' title='bbox 710 3346 895 3422; x_wconf 82' lang='lat' dir='ltr'>indentata</span> <span class='ocrx_word' id='word_1_176' title='bbox 917 3345 1010 3421; x_wconf 89' lang='lat' dir='ltr'>inter</span> <span class='ocrx_word' id='word_1_177' title='bbox 1031 3356 1249 3419; x_wconf 87' lang='lat' dir='ltr'>conuentum</span> <span class='ocrx_word' id='word_1_178' title='bbox 1270 3358 1306 3418; x_wconf 90' lang='lat' dir='ltr'>et</span> <span class='ocrx_word' id='word_1_179' title='bbox 1330 3341 1499 3418; x_wconf 86' lang='lat' dir='ltr'>Tristram</span> <span class='ocrx_word' id='word_1_180' title='bbox 1523 3343 1626 3445; x_wconf 88' lang='lat' dir='ltr'>super</span> <span class='ocrx_word' id='word_1_181' title='bbox 1647 3343 1855 3443; x_wconf 82' lang='lat' dir='ltr'>quibusdam</span> <span class='ocrx_word' id='word_1_182' title='bbox 1879 3343 1978 3420; x_wconf 85' lang='lat' dir='ltr'>terris</span> 
     </span>
     <span class='ocr_line' id='line_1_20' title="bbox 472 3479 1187 3584; baseline -0.011 -26"><span class='ocrx_word' id='word_1_183' title='bbox 472 3485 566 3560; x_wconf 85' lang='lat' dir='ltr'>inter</span> <span class='ocrx_word' id='word_1_184' title='bbox 581 3482 672 3584; x_wconf 90' lang='lat' dir='ltr'>ipsos</span> <span class='ocrx_word' id='word_1_185' title='bbox 689 3495 773 3557; x_wconf 90' lang='lat' dir='ltr'>ante</span> <span class='ocrx_word' id='word_1_186' title='bbox 790 3479 906 3556; x_wconf 87' lang='lat' dir='ltr'>inlito</span> <span class='ocrx_word' id='word_1_187' title='bbox 922 3479 1160 3580; x_wconf 84' lang='lat' dir='ltr'>pendentibus</span> <span class='ocrx_word' id='word_1_188' title='bbox 1178 3516 1187 3535; x_wconf 89' lang='lat'><strong>·</strong></span> 
     </span>
    </p>
   </div>
   <div class='ocr_carea' id='block_1_4' title="bbox 301 3723 1976 4778">
    <p class='ocr_par' dir='ltr' id='par_1_5' title="bbox 301 3723 1976 4778">
     <span class='ocr_line' id='line_1_21' title="bbox 301 3723 1975 3844; baseline -0.005 -19"><span class='ocrx_word' id='word_1_189' title='bbox 301 3756 325 3836; x_wconf 75' lang='lat' dir='ltr'>t</span> <span class='ocrx_word' id='word_1_190' title='bbox 405 3751 452 3832; x_wconf 81' lang='lat'>47</span> <span class='ocrx_word' id='word_1_191' title='bbox 474 3723 667 3824; x_wconf 71' lang='lat' dir='ltr'>Omnbus</span> <span class='ocrx_word' id='word_1_192' title='bbox 694 3746 826 3823; x_wconf 76' lang='grc'><strong>0111111</strong></span> <span class='ocrx_word' id='word_1_193' title='bbox 850 3744 1014 3820; x_wconf 64' lang='lat' dir='ltr'>russeus</span> <span class='ocrx_word' id='word_1_194' title='bbox 1038 3743 1107 3818; x_wconf 83' lang='lat' dir='ltr'>boo</span> <span class='ocrx_word' id='word_1_195' title='bbox 1132 3743 1299 3844; x_wconf 70' lang='lat' dir='ltr'>seriptum</span> <span class='ocrx_word' id='word_1_196' title='bbox 1328 3741 1450 3817; x_wconf 71' lang='lat' dir='ltr'>visuro</span> <span class='ocrx_word' id='word_1_197' title='bbox 1476 3742 1532 3818; x_wconf 68' lang='lat' dir='ltr'>ver</span> <span class='ocrx_word' id='word_1_198' title='bbox 1548 3743 1720 3819; x_wconf 72' lang='grc'><strong>1111111111</strong></span> <span class='ocrx_word' id='word_1_199' title='bbox 1737 3743 1879 3818; x_wconf 72' lang='lat' dir='ltr'>manus</span> <span class='ocrx_word' id='word_1_200' title='bbox 1904 3743 1975 3817; x_wconf 77' lang='lat' dir='ltr'>ner</span> 
     </span>
     <span class='ocr_line' id='line_1_22' title="bbox 470 3875 1975 3985; baseline -0.005 -27"><span class='ocrx_word' id='word_1_201' title='bbox 470 3883 585 3985; x_wconf 81' lang='lat' dir='ltr'>gratia</span> <span class='ocrx_word' id='word_1_202' title='bbox 613 3883 723 3958; x_wconf 79' lang='lat' dir='ltr'>abbas</span> <span class='ocrx_word' id='word_1_203' title='bbox 753 3882 798 3955; x_wconf 90' lang='lat' dir='ltr'>de</span> <span class='ocrx_word' id='word_1_204' title='bbox 833 3877 952 3954; x_wconf 88' lang='lat' dir='ltr'>Insula</span> <span class='ocrx_word' id='word_1_205' title='bbox 975 3876 1160 3961; x_wconf 62' lang='lat' dir='ltr'>miffarum</span> <span class='ocrx_word' id='word_1_206' title='bbox 1186 3891 1222 3950; x_wconf 88' lang='lat' dir='ltr'>ct</span> <span class='ocrx_word' id='word_1_207' title='bbox 1247 3875 1402 3976; x_wconf 86' lang='lat' dir='ltr'>ejusdem</span> <span class='ocrx_word' id='word_1_208' title='bbox 1427 3875 1495 3951; x_wconf 92' lang='lat' dir='ltr'>loci</span> <span class='ocrx_word' id='word_1_209' title='bbox 1524 3890 1722 3954; x_wconf 88' lang='lat' dir='ltr'>conuentus</span> <span class='ocrx_word' id='word_1_210' title='bbox 1752 3893 1911 3952; x_wconf 84' lang='lat' dir='ltr'>eternam</span> <span class='ocrx_word' id='word_1_211' title='bbox 1940 3879 1975 3951; x_wconf 91' lang='lat' dir='ltr'>in</span> 
     </span>
     <span class='ocr_line' id='line_1_23' title="bbox 470 4009 1976 4109; baseline -0.005 -17"><span class='ocrx_word' id='word_1_212' title='bbox 470 4015 615 4092; x_wconf 92' lang='lat' dir='ltr'>domino</span> <span class='ocrx_word' id='word_1_213' title='bbox 631 4013 801 4090; x_wconf 90' lang='lat' dir='ltr'>salutem·</span> <span class='ocrx_word' id='word_1_214' title='bbox 819 4009 973 4087; x_wconf 87' lang='lat' dir='ltr'>Nouerit</span> <span class='ocrx_word' id='word_1_215' title='bbox 982 4009 1187 4086; x_wconf 83' lang='lat' dir='ltr'>vniuerfitas</span> <span class='ocrx_word' id='word_1_216' title='bbox 1199 4010 1312 4084; x_wconf 86' lang='lat' dir='ltr'>vestra</span> <span class='ocrx_word' id='word_1_217' title='bbox 1328 4010 1424 4109; x_wconf 92' lang='lat' dir='ltr'>quod</span> <span class='ocrx_word' id='word_1_218' title='bbox 1441 4037 1524 4091; x_wconf 86' lang='lat' dir='ltr'>cum</span> <span class='ocrx_word' id='word_1_219' title='bbox 1535 4012 1768 4086; x_wconf 81' lang='lat' dir='ltr'>controuersia</span> <span class='ocrx_word' id='word_1_220' title='bbox 1784 4011 1868 4086; x_wconf 87' lang='lat' dir='ltr'>essct</span> <span class='ocrx_word' id='word_1_221' title='bbox 1879 4027 1976 4086; x_wconf 90' lang='lat' dir='ltr'>mota</span> 
     </span>
     <span class='ocr_line' id='line_1_24' title="bbox 468 4142 1974 4247; baseline -0.004 -20"><span class='ocrx_word' id='word_1_222' title='bbox 468 4155 561 4228; x_wconf 86' lang='lat' dir='ltr'>inter</span> <span class='ocrx_word' id='word_1_223' title='bbox 578 4150 748 4225; x_wconf 83' lang='lat' dir='ltr'>Tristram</span> <span class='ocrx_word' id='word_1_224' title='bbox 764 4148 810 4224; x_wconf 88' lang='lat' dir='ltr'>de</span> <span class='ocrx_word' id='word_1_225' title='bbox 828 4146 972 4247; x_wconf 84' lang='lat' dir='ltr'>Gortyn</span> <span class='ocrx_word' id='word_1_226' title='bbox 983 4171 1028 4220; x_wconf 87' lang='lat' dir='ltr'>ex</span> <span class='ocrx_word' id='word_1_227' title='bbox 1040 4159 1141 4246; x_wconf 83' lang='lat' dir='ltr'>parto</span> <span class='ocrx_word' id='word_1_228' title='bbox 1157 4169 1229 4218; x_wconf 82' lang='lat' dir='ltr'>rna</span> <span class='ocrx_word' id='word_1_229' title='bbox 1245 4157 1282 4220; x_wconf 91' lang='lat' dir='ltr'>et</span> <span class='ocrx_word' id='word_1_230' title='bbox 1298 4169 1364 4219; x_wconf 88' lang='lat' dir='ltr'>nos</span> <span class='ocrx_word' id='word_1_231' title='bbox 1380 4169 1426 4221; x_wconf 85' lang='lat' dir='ltr'>ex</span> <span class='ocrx_word' id='word_1_232' title='bbox 1442 4142 1553 4220; x_wconf 84' lang='lat' dir='ltr'>altera</span> <span class='ocrx_word' id='word_1_233' title='bbox 1564 4146 1667 4246; x_wconf 90' lang='lat' dir='ltr'>super</span> <span class='ocrx_word' id='word_1_234' title='bbox 1683 4145 1785 4221; x_wconf 87' lang='lat' dir='ltr'>terris</span> <span class='ocrx_word' id='word_1_235' title='bbox 1801 4146 1847 4224; x_wconf 88' lang='lat' dir='ltr'>dc</span> <span class='ocrx_word' id='word_1_236' title='bbox 1865 4145 1974 4224; x_wconf 78' lang='lat' dir='ltr'>Cam-</span> 
     </span>
     <span class='ocr_line' id='line_1_25' title="bbox 467 4277 1973 4383; baseline -0.003 -22"><span class='ocrx_word' id='word_1_237' title='bbox 467 4283 576 4361; x_wconf 90' lang='lat' dir='ltr'>bincb</span> <span class='ocrx_word' id='word_1_238' title='bbox 605 4309 675 4383; x_wconf 91' lang='lat' dir='ltr'>que</span> <span class='ocrx_word' id='word_1_239' title='bbox 703 4309 749 4358; x_wconf 86' lang='lat' dir='ltr'>ex</span> <span class='ocrx_word' id='word_1_240' title='bbox 773 4280 919 4357; x_wconf 85' lang='lat' dir='ltr'>arbitrio</span> <span class='ocrx_word' id='word_1_241' title='bbox 943 4279 1099 4354; x_wconf 82' lang='lat' dir='ltr'>virorum</span> <span class='ocrx_word' id='word_1_242' title='bbox 1128 4277 1360 4378; x_wconf 87' lang='lat' dir='ltr'>prudentium</span> <span class='ocrx_word' id='word_1_243' title='bbox 1388 4277 1527 4375; x_wconf 88' lang='lat' dir='ltr'>prouisa</span> <span class='ocrx_word' id='word_1_244' title='bbox 1555 4277 1623 4352; x_wconf 86' lang='lat' dir='ltr'>fuit</span> <span class='ocrx_word' id='word_1_245' title='bbox 1649 4292 1687 4354; x_wconf 88' lang='lat' dir='ltr'>et</span> <span class='ocrx_word' id='word_1_246' title='bbox 1709 4278 1913 4378; x_wconf 80' lang='lat' dir='ltr'>adjudicata</span> <span class='ocrx_word' id='word_1_247' title='bbox 1937 4280 1973 4356; x_wconf 87' lang='lat' dir='ltr'>in</span> 
     </span>
     <span class='ocr_line' id='line_1_26' title="bbox 466 4411 1972 4521; baseline -0.003 -28"><span class='ocrx_word' id='word_1_248' title='bbox 466 4433 680 4521; x_wconf 89' lang='lat' dir='ltr'>perpetuum</span> <span class='ocrx_word' id='word_1_249' title='bbox 698 4420 824 4516; x_wconf 79' lang='lat' dir='ltr'>jacere</span> <span class='ocrx_word' id='word_1_250' title='bbox 857 4415 895 4489; x_wconf 90' lang='lat' dir='ltr'>in</span> <span class='ocrx_word' id='word_1_251' title='bbox 921 4413 1103 4489; x_wconf 88' lang='lat' dir='ltr'>communi</span> <span class='ocrx_word' id='word_1_252' title='bbox 1132 4412 1225 4488; x_wconf 88' lang='lat' dir='ltr'>inter</span> <span class='ocrx_word' id='word_1_253' title='bbox 1252 4437 1317 4487; x_wconf 93' lang='lat' dir='ltr'>nos</span> <span class='ocrx_word' id='word_1_254' title='bbox 1344 4411 1431 4486; x_wconf 86' lang='lat' dir='ltr'>ficut</span> <span class='ocrx_word' id='word_1_255' title='bbox 1453 4411 1491 4486; x_wconf 96' lang='lat' dir='ltr'>in</span> <span class='ocrx_word' id='word_1_256' title='bbox 1517 4411 1645 4513; x_wconf 89' lang='lat' dir='ltr'>scripto</span> <span class='ocrx_word' id='word_1_257' title='bbox 1665 4411 1711 4486; x_wconf 92' lang='lat' dir='ltr'>de</span> <span class='ocrx_word' id='word_1_258' title='bbox 1735 4412 1809 4514; x_wconf 89' lang='lat' dir='ltr'>ipso</span> <span class='ocrx_word' id='word_1_259' title='bbox 1830 4414 1972 4488; x_wconf 86' lang='lat' dir='ltr'>arbitrio</span> 
     </span>
     <span class='ocr_line' id='line_1_27' title="bbox 467 4545 1971 4655; baseline -0.005 -26"><span class='ocrx_word' id='word_1_260' title='bbox 467 4554 624 4631; x_wconf 70' lang='lat' dir='ltr'>consecto</span> <span class='ocrx_word' id='word_1_261' title='bbox 641 4551 781 4655; x_wconf 91' lang='lat' dir='ltr'>plenius</span> <span class='ocrx_word' id='word_1_262' title='bbox 795 4550 997 4627; x_wconf 85' lang='lat' dir='ltr'>continetur</span> <span class='ocrx_word' id='word_1_263' title='bbox 1013 4564 1051 4624; x_wconf 89' lang='lat' dir='ltr'>et</span> <span class='ocrx_word' id='word_1_264' title='bbox 1066 4547 1193 4623; x_wconf 87' lang='lat' dir='ltr'>ceteris</span> <span class='ocrx_word' id='word_1_265' title='bbox 1211 4545 1314 4620; x_wconf 86' lang='lat' dir='ltr'>terris</span> <span class='ocrx_word' id='word_1_266' title='bbox 1331 4571 1419 4644; x_wconf 88' lang='lat' dir='ltr'>quas</span> <span class='ocrx_word' id='word_1_267' title='bbox 1436 4571 1501 4620; x_wconf 88' lang='lat' dir='ltr'>nos</span> <span class='ocrx_word' id='word_1_268' title='bbox 1518 4545 1774 4647; x_wconf 85' lang='lat' dir='ltr'>poffidobamus</span> <span class='ocrx_word' id='word_1_269' title='bbox 1791 4547 1828 4620; x_wconf 89' lang='lat' dir='ltr'>in</span> <span class='ocrx_word' id='word_1_270' title='bbox 1846 4547 1971 4646; x_wconf 88' lang='lat' dir='ltr'>quibus</span> 
     </span>
     <span class='ocr_line' id='line_1_28' title="bbox 467 4677 1970 4778; baseline -0.007 -14"><span class='ocrx_word' id='word_1_271' title='bbox 467 4689 580 4764; x_wconf 72' lang='lat' dir='ltr'>dictus</span> <span class='ocrx_word' id='word_1_272' title='bbox 597 4686 768 4762; x_wconf 84' lang='lat' dir='ltr'>Tristram</span> <span class='ocrx_word' id='word_1_273' title='bbox 784 4683 847 4758; x_wconf 86' lang='lat' dir='ltr'>fibi</span> <span class='ocrx_word' id='word_1_274' title='bbox 863 4696 900 4759; x_wconf 88' lang='lat' dir='ltr'>et</span> <span class='ocrx_word' id='word_1_275' title='bbox 916 4681 1105 4759; x_wconf 88' lang='lat' dir='ltr'>heredibus</span> <span class='ocrx_word' id='word_1_276' title='bbox 1121 4679 1190 4753; x_wconf 88' lang='lat' dir='ltr'>suis</span> <span class='ocrx_word' id='word_1_277' title='bbox 1207 4681 1269 4778; x_wconf 88' lang='lat' dir='ltr'>jus</span> <span class='ocrx_word' id='word_1_278' title='bbox 1290 4677 1500 4753; x_wconf 85' lang='lat' dir='ltr'>vendicabat</span> <span class='ocrx_word' id='word_1_279' title='bbox 1521 4694 1557 4754; x_wconf 89' lang='lat' dir='ltr'>et</span> <span class='ocrx_word' id='word_1_280' title='bbox 1577 4678 1731 4754; x_wconf 88' lang='lat' dir='ltr'>maxime</span> <span class='ocrx_word' id='word_1_281' title='bbox 1748 4679 1793 4753; x_wconf 87' lang='lat' dir='ltr'>de</span> <span class='ocrx_word' id='word_1_282' title='bbox 1814 4679 1970 4754; x_wconf 89' lang='lat' dir='ltr'>infirma-</span> 
     </span>
    </p>
   </div>
   <div class='ocr_carea' id='block_1_5' title="bbox 191 3786 285 3954">
    <p class='ocr_par' dir='ltr' id='par_1_6' title="bbox 191 3786 285 3954">
     <span class='ocr_line' id='line_1_29' title="bbox 191 3786 285 3954; baseline 0 0"><span class='ocrx_word' id='word_1_283' title='bbox 191 3786 285 3954; x_wconf 53' lang='lat' dir='ltr'>dl</span> 
     </span>
    </p>
   </div>
   <div class='ocr_carea' id='block_1_6' title="bbox 0 0 2230 6034">
    <p class='ocr_par' dir='ltr' id='par_1_7' title="bbox 0 0 2230 6034">
     <span class='ocr_line' id='line_1_30' title="bbox 0 0 2230 6034; baseline 0 8"><span class='ocrx_word' id='word_1_284' title='bbox 0 0 2230 6034; x_wconf 95' lang='lat' dir='ltr'> </span> 
     </span>
    </p>
   </div>
  </div>
 </body>
</html>
