4450 6034
440 511 490 582 38
1012 503 1374 581 REGISTRUM

445 763 568 812 omnes
593 748 703 810 terras
728 736 855 811 domus
878 747 914 811 et
936 737 1153 836 poffeffionee
1173 761 1261 836 quae
1278 705 1477 812 Willelmus
1502 733 1596 810 filius
1613 732 1792 836 Rayngod
1814 733 1851 806 in
1875 731 1954 806 villu

447 869 492 942 de
517 865 789 942 Abbirbrotbok
812 867 859 941 de
882 867 983 942 nobis
1008 867 1124 942 tenuit
1150 885 1188 944 et
1213 867 1361 968 possedit
1383 906 1395 927 ·
1430 865 1531 954 Quas
1556 866 1702 964 quidem
1726 879 1838 940 terras
1862 863 1956 938 idem

448 996 648 1071 Willelmue
673 1024 737 1099 pro
762 997 796 1073 se
820 1012 857 1072 et
881 997 1072 1072 heredibus
1095 997 1165 1072 suis
1188 997 1289 1072 nobis
1311 997 1350 1071 in
1371 995 1479 1099 plena
1496 997 1595 1073 ouria
1619 998 1664 1072 de
1692 994 1957 1072 Abbirbrothoe

449 1130 605 1206 reddidit
622 1145 658 1206 et
675 1131 792 1231 quiete
809 1129 974 1206 clamauit
990 1157 1130 1208 necnon
1147 1144 1184 1206 et
1199 1143 1315 1207 totum
1331 1132 1393 1230 jus
1410 1132 1506 1230 quod
1522 1131 1592 1231 ipse
1607 1131 1666 1206 vel
1689 1130 1838 1205 heredes
1854 1128 1907 1202 sui
1921 1128 1958 1200 in

452 1261 552 1337 dictis
569 1263 672 1336 terris
688 1262 889 1338 babuerunt
900 1261 955 1338 vel
967 1261 1098 1338 habero
1110 1263 1266 1362 poterint
1283 1263 1474 1338 Tenendas'
1487 1277 1524 1338 et
1535 1263 1715 1338 habendes
1728 1262 1828 1338 ditiis
1841 1259 1960 1336 abbati

453 1409 491 1469 et
508 1394 700 1470 conuentui
716 1395 754 1469 iu
769 1393 920 1470 libemm
935 1395 1147 1496 burgagium
1165 1423 1248 1470 cum
1264 1397 1429 1470 omuibus
1448 1395 1670 1471 libertatibus
1687 1409 1724 1470 et
1740 1393 1960 1496 ayflcmentis
1988 1461 2016 1498 ν

455 1526 722 1601 rectitudinibus
734 1527 780 1601 ad
793 1527 926 1602 dietum
937 1527 1153 1628 burgagium
1164 1527 1255 1602 infra
1264 1526 1381 1602 villam
1391 1540 1429 1603 et
1439 1543 1540 1603 extra
1548 1525 1665 1600 villam
1677 1528 1771 1626 juste
1780 1526 1962 1628 pertinen-

458 1660 553 1735 tibus
569 1660 658 1735 adeo
674 1659 782 1736 libere
799 1661 917 1761 quiete
938 1675 976 1737 et
997 1661 1154 1762 plenarie
1173 1664 1260 1736 ficut
1280 1662 1393 1736 dietus
1409 1661 1608 1736 Willelmus
1631 1660 1687 1736 vel
1710 1661 1962 1762 predeoefi'ores

458 1792 510 1865 sui
531 1791 639 1866 dictas
664 1806 776 1866 terrae
801 1793 848 1868 de
869 1793 971 1868 nobie
992 1807 1185 1869 tenuerunt
1209 1792 1266 1868 vel
1286 1793 1510 1894 pollederunt
1546 1835 1554 1853 ·
1591 1791 1701 1866 Saluo
1723 1807 1844 1867 tamen
1870 1790 1964 1890 quod

461 1924 571 2000 dietas
593 1944 704 2000 terras
725 1926 809 1999 viris
830 1925 996 2026 religiosis
1016 1924 1281 2025 quibuscunque
1298 1924 1352 2001 vel
1369 1925 1545 2025 aliquibus
1567 1923 1642 1998 aliis
1660 1922 1756 1997 nullo
1776 1921 1882 1997 titulo
1905 1923 1964 1995 nili

462 2059 508 2132 de
524 2056 664 2156 speciali
681 2058 797 2131 nostra
811 2055 956 2130 licentia
970 2056 1128 2132 vendent
1144 2055 1201 2130 vel
1216 2055 1421 2131 alienabunt
1443 2099 1456 2122 ω
1484 2056 1530 2131 Iu
1547 2058 1648 2158 cujus
1665 2055 1717 2131 rei
1730 2054 1966 2130 testimonium

463 2191 546 2269 huic
562 2190 689 2291 scripto
706 2187 855 2289 tigillum
872 2189 1030 2263 nostrum
1047 2215 1236 2265 commune
1253 2190 1479 2290 apposuimus
1497 2203 1533 2264 et
1549 2189 1597 2262 ad
1612 2191 1784 2290 majorem
1802 2187 1966 2262 securita-

466 2341 541 2401 tem
561 2323 710 2425 ligillum
728 2321 809 2398 ville
828 2323 944 2397 nostre
965 2322 1010 2396 de
1032 2322 1302 2398 Abbirbrothok
1325 2322 1473 2398 fecimus
1498 2321 1629 2422 apponi
1650 2363 1660 2382 ·
1689 2322 1794 2396 Teste
1815 2320 1968 2422 capitulo

468 2459 585 2532 nostro
610 2498 619 2514 ·
646 2455 785 2528 Datum
808 2480 902 2529 anno
925 2453 1060 2528 domini
1082 2454 1263 2537 ‹oillelimo
1283 2465 1361 2530 oc¹¹¹⁰
1378 2455 1664 2556 quinquagesimo
1683 2455 1836 2531 secundo
1864 2499 1872 2513 ·
1899 2463 1935 2527 v⁰
1958 2492 1968 2513 ·

470 2591 550 2664 idus
566 2586 783 2662 Nouembris
799 2587 896 2686 apud
914 2587 1167 2690 Abyrbrotholr
1185 2631 1193 2648 ·

478 2963 602 3068 Carta
618 2999 711 3062 terre
728 2987 773 3063 de
790 2986 901 3062 Perth
919 3029 927 3048 ·

409 3243 458 3316 39
478 3228 671 3330 Omnibus
704 3250 773 3326 boc
798 3203 965 3352 scriptum
990 3248 1113 3323 visuris
1137 3251 1195 3326 vel
1227 3249 1399 3324 audituris
1428 3249 1624 3324 Willelmus
1649 3251 1741 3325 filius
1765 3253 1909 3328 Hawok
1935 3254 1979 3329 de

477 3387 589 3462 Perth
614 3385 760 3460 salutem
789 3398 949 3460 eternam
975 3383 1014 3457 in
1043 3383 1188 3458 domino
1223 3424 1232 3441 ·
1266 3381 1451 3458 Noueritis
1477 3409 1535 3457 me
1561 3383 1691 3457 dedisse
1718 3387 1912 3462 oonceffiffe
1939 3413 1982 3462 ac

478 3521 619 3622 quitum
652 3518 813 3594 clamaffe
839 3545 904 3619 pro
929 3545 988 3593 mo
1016 3532 1053 3593 et
1081 3517 1273 3594 heredibus
1306 3516 1393 3590 meis
1418 3516 1455 3589 in
1480 3531 1693 3616 perpetuum
1718 3518 1785 3593 deo
1813 3533 1849 3594 et
1877 3521 1982 3596 beate

480 3656 597 3740 marie
623 3667 660 3730 et
688 3654 802 3728 tanao
832 3651 991 3728 Johanni
1020 3651 1177 3753 apostolo
1206 3665 1245 3726 et
1276 3649 1487 3752 euangelista
1516 3650 1561 3726 de
1589 3649 1708 3726 Insula
1732 3651 1916 3735 miliarum
1947 3666 1983 3728 et

481 3785 659 3864 canonicis
684 3784 816 3859 ibidem
837 3785 905 3860 deo
930 3785 1161 3859 semientibus
1182 3797 1219 3858 et
1241 3784 1278 3857 in
1300 3797 1512 3884 perpetuum
1536 3784 1718 3859 seruitutis
1741 3811 1806 3886 pro
1830 3787 1984 3885 quadam

482 3921 617 3993 summa
626 3917 797 4018 peoouuie
809 3941 915 4016 quam
932 3916 1019 3991 mihi
1035 3943 1099 4016 pre
1117 3916 1280 3991 manibus
1297 3915 1334 3989 in
1351 3942 1431 3991 mea
1447 3941 1577 4015 magna
1593 3917 1790 3992 neceffitete
1808 3918 1985 3993 dederunt

484 4065 602 4128 totum
621 4053 682 4152 jus
705 4050 800 4150 quod
821 4049 935 4142 habeo
960 4064 996 4124 et
1018 4049 1115 4149 quod
1134 4049 1222 4123 mibi
1243 4063 1279 4124 et
1298 4049 1487 4124 heredibus
1512 4050 1601 4124 meis
1626 4065 1828 4150 competere
1853 4053 1985 4152 poterit

484 4187 522 4259 in
543 4185 703 4258 futurum
724 4183 762 4257 in
781 4197 876 4258 terra
896 4207 1003 4280 quam
1023 4181 1122 4281 prius
1143 4181 1243 4256 tenui
1269 4207 1334 4280 pro
1362 4181 1515 4281 quadam
1535 4196 1633 4258 certa
1661 4183 1764 4257 firma
1792 4209 1912 4258 annua
1941 4187 1986 4260 de

486 4316 642 4392 Ricardo
652 4315 697 4390 de
709 4313 912 4415 Layccstria
924 4313 1103 4413 quondam
1117 4313 1278 4413 burgensi
1291 4313 1336 4387 de
1350 4312 1460 4388 Perth
1471 4327 1507 4388 et
1520 4315 1638 4420 postea
1655 4315 1700 4390 de
1713 4315 1792 4415 ipss
1810 4317 1987 4390 canonicis

487 4450 524 4524 in
550 4446 632 4521 villa
657 4444 703 4522 de
729 4445 841 4521 Perth
867 4445 904 4519 in
931 4445 988 4518 via
1013 4443 1136 4520 boriali
1165 4443 1378 4519 Tenendum
1407 4459 1443 4518 et
1469 4443 1672 4520 habendum
1702 4445 1781 4546 ipsis
1810 4446 1988 4522 canonicis

488 4595 666 4655 eteorum
693 4576 937 4652 iuooefforibus
960 4575 997 4649 in
1020 4589 1234 4677 perpetuum
1260 4574 1368 4650 libere
1399 4577 1516 4676 quiete
1542 4575 1698 4676 plenarie
1729 4593 1764 4651 et
1796 4575 1988 4653 honorifice
