4450 6034
1011 1516 1088 1611 IV.

490 1867 706 1943 OARTAE
734 1865 1111 1942 RECENTIORES
1138 1865 1212 1939 DE
1241 1862 1603 1939 INCHAFFERY.

850 2426 910 2489 llll
932 2424 1258 2490 AUTOGRAPHIS.

302 2680 349 2744 De
365 2679 496 2743 licencia
511 2677 653 2763 piscandi
668 2698 725 2762 pro
740 2675 889 2761 anguillis
904 2676 936 2740 in
953 2674 1131 2760 Polpelcry.

266 2929 285 2992 1
302 2917 459 2981 Robertus
474 2918 595 2981 Mersar
609 2913 648 2978 de
664 2914 869 2999 lnnerpefery
885 2962 891 2977 .
911 2962 918 2977 .
935 2962 943 2977 .
960 2914 989 2977 N
992 2911 1095 2977 ouerit
1106 2912 1294 2977 vniuersitas
1309 2921 1413 2975 vestra
1427 2933 1478 2976 me
1494 2959 1500 2974 .
1516 2955 1524 2973 .
1542 2958 1549 2973 .
1567 2930 1640 2974 cum
1654 2930 1809 2973 consensu

303 3048 335 3099 et
344 3056 475 3099 assensu
489 3031 662 3099 Alexandri
675 3034 797 3097 Mersar
811 3030 936 3096 heredis
949 3029 1012 3095 mei
1026 3039 1060 3095 et
1078 3052 1151 3095 cum
1169 3050 1326 3095 consensu
1340 3039 1374 3094 et
1392 3050 1524 3094 assensn
1540 3029 1668 3093 Andree
1690 3029 1812 3091 Mersur

302 3154 342 3218 de
363 3154 561 3237 Incbebrelry
582 3150 733 3217 auunculi
754 3150 816 3215 mei
837 3150 889 3215 cui
910 3149 995 3215 dieta
1017 3160 1100 3214 terre
1121 3149 1162 3213 de
1186 3147 1383 3232 Incbebrelsy
1409 3158 1485 3212 sunt
1505 3146 1715 3231 impignorata
1738 3194 1745 3208 .
1770 3194 1778 3207 .
1802 3194 1809 3207 .

304 3270 424 3337 dedisse
440 3321 448 3335 .
469 3320 476 3335 .
499 3320 506 3335 .
526 3292 584 3356 pro
598 3270 700 3335 salute
715 3274 819 3335 anime
834 3290 903 3333 mee
917 3280 952 3333 et
966 3267 1141 3332 animarum
1154 3268 1271 3331 Joncte
1285 3287 1400 3351 sponse
1414 3286 1484 3329 mee
1499 3264 1673 3329 Alexandri
1686 3264 1811 3329 heredis

305 3391 365 3453 mei
379 3388 552 3474 supradicti
567 3398 600 3453 et
614 3387 752 3451 omnium
768 3407 985 3452 successorum
1000 3406 1141 3450 meorum
1159 3384 1267 3449 abbati
1281 3393 1314 3449 et
1329 3382 1500 3448 conuentui
1523 3382 1631 3446 lnsule
1646 3382 1812 3446 missarum

306 3556 313 3571 .
330 3557 337 3571 .
354 3556 361 3571 .
377 3506 541 3572 licenciam
557 3516 741 3591 perpetuum
757 3502 899 3590 piscandi
910 3524 968 3588 per
978 3523 1066 3567 arcas
1080 3502 1161 3567 retia
1174 3511 1231 3565 out
1244 3500 1309 3565 alia
1326 3500 1535 3565 instrumenta
1550 3520 1739 3585 quecunque
1754 3521 1812 3584 pro

305 3626 451 3711 anguillis
461 3637 494 3691 et
508 3625 579 3690 aliis
594 3623 733 3710 piscibus
744 3622 905 3706 capiendis
920 3620 1097 3686 neccssaria
1110 3620 1144 3683 in
1155 3618 1225 3684 loeo
1236 3619 1292 3704 qui
1306 3618 1463 3703 wlgeriter
1473 3618 1589 3683 dicitur
1599 3617 1632 3704 ly
1644 3618 1812 3703 Polpelery

305 3747 385 3813 infra
398 3745 571 3811 dominium
587 3764 692 3807 meum
706 3739 746 3805 de
761 3739 895 3825 Dullory
909 3761 946 3804 ac
961 3760 1054 3803 vnam
1068 3738 1120 3803 vel
1134 3737 1242 3822 plures
1256 3758 1345 3802 arcas
1359 3736 1440 3801 retia
1453 3747 1510 3801 aut
1523 3736 1586 3801 alia
1603 3736 1814 3801 instrumenta

305 3886 361 3949 pro
376 3863 556 3929 huiusmodi
570 3860 710 3947 piscibus
724 3856 877 3923 habendis
892 3856 1138 3922 conuenientia.
1154 3904 1161 3919 .
1175 3905 1182 3919 .
1194 3853 1320 3919 locandi
1331 3876 1426 3939 super
1440 3854 1471 3939 ly
1483 3854 1650 3942 Polpefery
1666 3906 1673 3920 .
1689 3878 1813 3921 necnon

305 3996 337 4048 et
357 3996 460 4048 strues
481 3981 640 4065 lignorum
662 3976 824 4063 congeries
843 3974 985 4060 lapidum
1010 3996 1048 4039 ac
1073 3995 1181 4038 muros
1203 3981 1359 4038 terrarum
1377 3972 1514 4039 faciendi
1537 4023 1543 4038 .
1569 4024 1576 4039 .
1600 4025 1608 4039 .
1630 3986 1811 4064 terramque

305 4103 442 4170 fodiendi
456 4124 494 4166 ac
508 4099 630 4185 lapides
645 4096 807 4163 scindendi
821 4104 854 4159 et
869 4093 1034 4178 optinendi
1049 4114 1145 4178 super
1159 4103 1259 4157 terras
1274 4114 1360 4157 meas
1375 4093 1532 4177 predictas
1546 4094 1586 4159 de
1601 4094 1737 4182 Dullory
1752 4146 1760 4159 .
1777 4146 1785 4161 .
1802 4146 1810 4161 .

305 4248 361 4311 pro
375 4221 608 4291 sustentacione
625 4268 632 4283 .
650 4268 656 4283 .
674 4268 682 4283 .
702 4217 983 4282 instrumentorum
995 4235 1052 4299 pro
1067 4224 1201 4298 captura
1214 4212 1427 4297 predictorum
1443 4214 1578 4298 piscium
1596 4263 1604 4279 .
1621 4265 1628 4280 .
1645 4263 1653 4279 .
1677 4218 1812 4302 Insuper

305 4344 332 4409 si
346 4344 509 4426 contingat
522 4360 573 4403 me
585 4348 641 4402 aut
654 4335 787 4400 heredes
798 4354 884 4397 meos
907 4382 914 4397 .
932 4382 939 4397 .
955 4378 964 4395 .
985 4330 1192 4396 donacionem
1203 4330 1288 4396 dicte
1303 4330 1460 4397 libertatis
1474 4343 1508 4397 at
1521 4332 1654 4399 licencia
1668 4334 1812 4419 piscandi

304 4514 312 4529 .
329 4514 336 4528 .
353 4512 361 4528 .
377 4463 579 4550 aliquatenus
593 4475 739 4521 revocare
753 4451 860 4537 obligo
875 4472 925 4517 me
940 4450 1072 4517 heredes
1082 4472 1170 4516 meos
1186 4499 1193 4516 .
1210 4500 1217 4515 .
1235 4501 1242 4515 .
1258 4450 1293 4515 in
1307 4462 1435 4517 centum
1450 4451 1538 4517 libris
1551 4454 1670 4519 vsunlis
1683 4466 1810 4520 monete

307 4585 416 4653 Seucie
440 4633 448 4648 .
472 4628 481 4645 .
506 4630 513 4644 .
540 4577 650 4643 Eciam
673 4572 743 4639 volo
768 4584 801 4639 at
820 4556 959 4638 eonce'do
981 4594 1057 4637 casu
1080 4594 1144 4658 quo
1164 4572 1327 4657 contingat
1348 4595 1399 4637 me
1420 4584 1454 4637 et
1474 4572 1606 4639 heredes
1628 4595 1715 4639 meos
1735 4620 1745 4638 .
1767 4622 1776 4639 .
1799 4622 1808 4639 .
