4450 6034
477 561 526 631 50
1049 556 1408 635 REGISTRUM

480 788 672 864 concentui
689 789 734 864 de
753 788 877 890 Capro
894 803 931 864 et
953 815 1076 865 eorum
1098 791 1306 874 monasterio
1330 791 1485 867 reddent
1507 791 1691 866 annuatim
1716 790 1754 866 in
1770 808 1983 892 perpetuum

479 925 568 997 duas
595 921 703 999 libras
726 925 896 999 cummini
921 940 958 1000 et
983 927 1073 1000 duas
1096 925 1203 1000 libras
1229 927 1362 1027 piperis
1387 925 1480 1000 insra
1506 927 1646 1000 osiauas
1676 925 1872 1002 natiuitatis
1892 927 1984 1003 beati

478 1058 656 1134 Johannis
690 1060 840 1159 baptiste
870 1060 908 1132 in
941 1059 1078 1161 capella
1105 1061 1225 1160 pontis
1255 1059 1301 1134 de
1329 1059 1440 1134 Perth
1475 1101 1484 1120 ·
1518 1059 1615 1158 quod
1640 1061 1667 1134 sr
1696 1058 1778 1134 diei
1811 1062 1921 1136 abbas
1950 1078 1985 1138 et

479 1206 677 1265 conuentus
694 1193 740 1266 de
763 1190 882 1266 Insula
897 1192 1084 1275 misarum
1102 1193 1140 1266 in
1156 1191 1325 1270 solutione
1343 1191 1425 1266 dicti
1442 1191 1602 1266 redditus
1617 1191 1751 1292 piperis
1763 1205 1800 1267 et
1816 1193 1983 1268 cummini

476 1325 516 1397 in
532 1339 648 1399 totum
661 1323 716 1399 vel
726 1340 866 1426 partem
879 1326 1086 1401 oeffauerint
1102 1327 1199 1424 quod
1217 1327 1303 1401 absit
1316 1325 1435 1400 licebit
1451 1324 1597 1427 prefatis
1610 1325 1728 1400 abbati
1746 1339 1783 1400 et
1793 1329 1983 1402 conuemui

477 1457 522 1532 de
534 1457 657 1557 Cupra
670 1457 715 1532 de
725 1457 870 1533 licentia
878 1457 1091 1533 balliuorum
1104 1457 1239 1532 domini
1252 1457 1347 1558 regie
1359 1458 1404 1532 de
1411 1457 1523 1532 Pertb
1535 1457 1597 1556 qui
1606 1483 1671 1557 pro
1685 1471 1844 1558 tempore
1854 1456 1983 1532 suerint

474 1605 551 1663 tam
573 1589 669 1664 infia
687 1591 815 1665 domus
836 1617 944 1690 quam
964 1605 1067 1665 extra
1090 1590 1298 1690 distringere
1318 1605 1355 1665 et
1382 1616 1505 1664 nemos
1531 1615 1657 1690 capere
1682 1591 1796 1666 donec
1821 1590 1867 1665 de
1892 1591 1982 1666 disio

476 1721 619 1798 redditu
636 1737 673 1797 et
689 1723 768 1822 ejus
784 1723 971 1824 arreragijs
988 1725 1014 1796 fi
1031 1749 1101 1822 que
1117 1722 1249 1797 suerint
1265 1721 1370 1822 plene
1382 1721 1488 1797 suerit
1498 1721 1549 1796 eis
1564 1721 1770 1798 satissastum
1790 1765 1798 1782 ·
1816 1721 1880 1796 Ad
1891 1721 1981 1796 hanc

475 1869 596 1930 autem
613 1857 900 1956 compositionem
916 1854 1070 1931 fideliter
1087 1871 1124 1930 et
1140 1857 1211 1930 fine
1228 1855 1352 1929 frande
1370 1869 1544 1956 perpetuo
1570 1855 1822 1930 obscurandam
1838 1857 1980 1932 abbates

473 1989 624 2089 predisii
639 2014 705 2089 pro
721 1990 755 2063 se
772 1959 894 2065 et‘suis
911 1989 1148 2064 conuentibus
1163 1991 1368 2090 juramento
1390 1986 1617 2088 corporaliter
1634 2004 1671 2064 et
1687 1988 1855 2064 canonice
1872 1989 1979 2064 inter-

474 2125 585 2220 posito
602 2123 635 2197 se
652 2137 689 2199 et
705 2124 916 2199 monasteria
930 2123 992 2197 sua
1014 2122 1263 2224 obligauerunt
1284 2136 1321 2197 et
1341 2123 1388 2197 ad
1407 2124 1579 2223 majorem
1595 2121 1708 2222 hujus
1725 2123 1979 2223 compositionis

473 2255 694 2330 securitatem
711 2271 829 2354 partes
845 2256 1092 2354 prenominate
1113 2256 1413 2333 renunciauerunt
1430 2257 1468 2330 in
1483 2255 1552 2331 hac
1567 2271 1668 2354 parte
1680 2283 1745 2356 pro
1757 2256 1790 2332 se
1803 2269 1841 2332 et
1856 2256 1980 2334 succes·

473 2391 605 2464 foribus
622 2391 690 2465 suis
707 2391 745 2463 in
761 2405 975 2489 perpetuum
988 2391 1192 2488 exceptioni
1209 2390 1281 2465 doli
1297 2407 1334 2466 et
1352 2431 1479 2452 ·····
1497 2390 1690 2467 conditioni
1706 2389 1841 2492 exlege
1859 2405 1895 2466 et
1911 2393 1978 2465 fine

472 2525 575 2598 causa
599 2523 654 2598 rel
679 2524 808 2624 injusta
823 2524 926 2598 censa
949 2524 1123 2598 beneficio
1148 2524 1377 2599 restitutionis
1394 2524 1432 2597 in
1452 2523 1630 2625 integrum
1646 2537 1683 2599 et
1703 2549 1878 2598 nouarum
1895 2551 1978 2600 con-

470 2655 693 2729 stitutionum
709 2656 876 2730 omnibus
892 2656 1001 2730 etiam
1017 2655 1290 2731 inhibitionibus
1307 2673 1344 2732 et
1363 2657 1670 2733 constitutionibus
1682 2670 1719 2732 et
1736 2657 1978 2756 impetration-

471 2790 550 2863 ibus
568 2805 604 2863 et
625 2788 734 2864 literis
751 2805 825 2864 tam
848 2789 955 2891 regijs
972 2816 1078 2889 quam
1102 2789 1298 2891 apostolicis
1322 2805 1358 2866 et
1374 2789 1567 2892 specialiter
1582 2791 1686 2892 super
1702 2792 1805 2867 bonis
1822 2791 1978 2868 alienatis

469 2938 506 2998 et
526 2923 696 2997 distrasiis
716 2950 852 2998 necnon
874 2924 1001 3025 gracijs
1018 2923 1253 3025 indulgencijs
1270 2939 1307 3000 et
1328 2924 1522 3027 priuilegijs
1547 2939 1671 3001 oontm
1695 2927 1978 3026 compositionem

470 3058 666 3155 presentem
696 3056 893 3157 impetratis
923 3070 960 3147 et
987 3056 1221 3157 impetrandis
1248 3081 1290 3131 ac
1316 3057 1414 3131 omni
1441 3057 1570 3132 aaroni
1598 3071 1634 3133 et
1659 3057 1859 3159 exceptioni
1893 3085 1975 3134 con-

470 3189 646 3264 suetudini
671 3204 708 3264 et
732 3190 864 3264 statuto
885 3213 1025 3262 necnon
1045 3188 1143 3260 omni
1166 3186 1382 3263 cauillationi
1405 3205 1442 3264 et
1462 3189 1723 3290 impugnationi
1745 3217 1787 3265 ac
1815 3191 1977 3266 omnibus

470 3324 609 3425 auxilijs
632 3339 668 3400 et
684 3323 852 3423 remedijs
873 3338 949 3398 tem
964 3323 1057 3424 juris
1079 3349 1188 3421 quam
1209 3322 1290 3396 sosii
1307 3323 1434 3422 quibus
1454 3324 1596 3424 presens
1616 3325 1818 3426 compositio
1842 3341 1879 3401 et
1903 3327 1977 3425 ejus

468 3459 609 3533 effossus
625 3458 762 3558 possent
778 3456 978 3558 impugnari
994 3453 1051 3530 vel
1066 3455 1237 3530 infirmari
1253 3456 1312 3530 seu
1325 3455 1488 3556 impediri
1506 3455 1559 3530 vel
1571 3455 1703 3556 deferri
1721 3496 1730 3518 ·
1749 3456 1793 3531 In
1811 3460 1912 3558 cujus
1928 3459 1976 3532 rei

468 3589 704 3665 testimonium
730 3589 822 3689 parti
846 3587 952 3686 hujus
977 3587 1151 3687 cirogruffi
1176 3613 1285 3688 penes
1310 3588 1485 3689 predictos
1511 3589 1676 3665 abbatem
1701 3604 1737 3667 et
1761 3606 1976 3666 conuentum

468 3725 514 3798 de
527 3721 646 3797 Insula
657 3723 843 3806 missamm
855 3721 1020 3796 residenti
1037 3724 1235 3821 appositum
1247 3723 1296 3795 esi
1307 3719 1455 3821 sigillum
1473 3748 1661 3798 commune
1677 3724 1825 3824 predisli
1842 3727 1975 3808 monss-

305 3872 307 3874 ·
467 3855 547 3952 terij
575 3854 620 3927 de
637 3854 762 3953 Cupro
786 3852 880 3954 parti
901 3878 986 3927 vero
1013 3855 1197 3952 cyrograffi
1220 3855 1384 3932 residenti
1408 3854 1535 3956 [penes
1558 3855 1735 3954 predisios
1755 3856 1976 3932 abbatemet

466 4000 683 4060 conuentum
705 3983 749 4058 de
767 3983 908 4084 Capro]
928 3987 1125 4083 appositum
1144 3987 1193 4061 est
1209 3985 1359 4087 sigillum
1376 4014 1564 4064 commune
1580 3987 1777 4089 monasterij
1796 3989 1841 4064 de
1859 3988 1975 4064 Insula

466 4117 653 4203 misarum
682 4161 689 4176 ·
717 4115 857 4190 Datum
885 4117 981 4216 apud
1001 4115 1118 4191 villam
1141 4119 1186 4192 de
1211 4118 1323 4193 Perth
1353 4120 1411 4194 die
1439 4119 1638 4196 natiuitatis
1665 4119 1771 4196 sandi
1800 4120 1974 4195 Johannis

467 4250 625 4350 Baptisie
642 4275 737 4324 anno
753 4247 866 4348 gratie
882 4246 1062 4323 millesimo
1080 4257 1158 4324 oc¹¹²⁰
1175 4251 1327 4326 secundo
1346 4294 1355 4312 ·
1713 4281 1716 4286 ’
