4450 6034
476 541 524 622 70
1049 533 1408 612 REGISTRUM

469 769 516 845 dc
542 766 661 870 Olony
687 810 696 827 ·
723 767 881 868 Hugone
901 779 939 842 et
957 765 1165 842 Abrahaam
1190 765 1379 868 capellanis
1413 767 1538 842 nostris
1574 809 1583 826 ·
1618 766 1835 868 Bersngario
1863 764 1977 840 Alone

467 901 602 978 clericis
619 899 743 976 nostris
759 913 797 974 ct
812 897 932 984 <cultis
948 897 1032 998 alijs
1051 941 1060 958 ·

472 1265 717 1371 Confirmatio
734 1289 903 1366 Willelmi
919 1291 1013 1391 regis
1028 1293 1132 1392 super
1148 1289 1290 1368 ecclsiis
1306 1289 1352 1368 de
1367 1290 1591 1392 oecddirdyn
1610 1331 1619 1350 ·

405 1563 454 1642 72
471 1527 700 1632 Willelmus
724 1555 798 1630 Dei
823 1555 942 1657 gratia
969 1581 1035 1632 rex
1062 1553 1270 1631 Scottorum
1298 1555 1464 1631 omnibus
1491 1553 1613 1655 probis
1641 1553 1845 1631 hominibus
1875 1552 1981 1628 totius

471 1703 564 1762 terre
581 1688 640 1762 sue
657 1686 791 1762 clericis
813 1702 851 1762 ct
872 1685 971 1762 laicis
996 1685 1144 1762 salutem
1162 1729 1171 1746 ·
1197 1686 1322 1762 Sciant
1338 1687 1516 1786 presentes
1534 1700 1571 1762 et
1588 1685 1699 1762 futuri
1715 1713 1774 1762 me
1791 1687 1981 1762 oenoeffiffe

471 1836 509 1898 et
531 1820 599 1898 hac
621 1836 721 1896 certo
742 1847 824 1898 mec
840 1822 1058 1898 confirmetis
1077 1822 1162 1897 Deo
1183 1836 1220 1898 ot
1236 1822 1375 1898 ecclcfie
1392 1823 1498 1898 sancti
1514 1823 1690 1900 Johennis
1707 1822 1921 1924 euangeliste
1936 1823 1981 1898 de

471 1951 675 2052 Inchsffryn
702 1966 739 2028 et
758 1951 842 2027 viris
862 1951 1029 2053 religiolis
1049 1951 1100 2026 ibi
1119 1950 1203 2028 Deo
1228 1953 1460 2030 seruientibus
1486 1967 1523 2030 st
1548 1954 1728 2030 sentituris
1753 1955 1982 2030 donationem

469 2084 567 2160 illam
600 2112 710 2185 quam
744 2084 932 2164 Gilbcrtus
965 2111 1086 2161 comes
1120 2085 1165 2162 do
1200 2085 1416 2188 Strotheryn
1449 2086 1501 2162 cis
1534 2085 1792 2164 rationabiliter
1823 2086 1909 2163 fecit
1937 2087 1981 2160 de

468 2215 611 2292 ecclelia
627 2218 672 2292 de
688 2217 934 2317 aladdirdyne
950 2243 1033 2292 cum
1050 2217 1215 2294 omnibus
1235 2216 1339 2316 justis
1356 2217 1584 2319 pcrtinentijs
1601 2231 1639 2294 et
1655 2219 1701 2293 dc
1717 2217 1859 2294 ecclelia
1874 2219 1981 2292 sancti

472 2349 586 2425 Beoni
605 2349 651 2425 de
672 2349 831 2450 Kynkell
849 2375 933 2426 cum
952 2350 1118 2426 omnibus
1137 2349 1240 2450 justis
1261 2350 1486 2451 pertinentijs
1508 2351 1576 2425 luis
1598 2365 1634 2426 et
1659 2350 1705 2425 de
1721 2349 1863 2426 ecclelia
1877 2352 1981 2426 sanci

468 2483 655 2568 wakeffok
679 2482 724 2558 de
741 2481 1002 2559 Ouohtirsrdor
1017 2509 1101 2557 cum
1121 2483 1286 2560 omnibus
1308 2484 1410 2583 justis
1426 2484 1654 2585 pertinentijs
1674 2485 1769 2558 suis·
1791 2483 1983 2560 Tenendss

467 2617 507 2690 in
529 2614 678 2692 liberam
697 2629 735 2690 ot
755 2640 883 2714 pluam
903 2629 940 2690 et
960 2628 1172 2715 perpetuam
1191 2615 1415 2692 elemofincm
1438 2643 1521 2692 cum
1546 2615 1712 2691 omnibus
1734 2617 1783 2690 erl
1805 2616 1981 2717 predictas

469 2745 628 2822 ecclesias
643 2747 737 2843 juste
757 2745 1019 2846 pertinentibus
1042 2745 1097 2820 its
1115 2746 1226 2823 libere
1246 2762 1283 2822 et
1308 2747 1427 2847 quiete
1446 2745 1604 2848 plenarie
1626 2760 1663 2823 et
1682 2745 1876 2822 honorifice
1896 2749 1982 2821 ficut

469 2891 567 2957 carta
583 2879 732 2980 preditli
751 2878 890 2955 comitis
908 2877 1063 2955 Gilberti
1078 2880 1172 2981 juste
1190 2882 1336 2956 testatur
1354 2922 1363 2940 ·
1382 2879 1547 2956 Tostibus
1565 2880 1721 2956 Ricardo
1739 2882 1784 2956 de
1801 2881 1982 2982 prebendo

468 3011 594 3087 clerico
617 3037 698 3086 meo
720 3055 729 3071 ·
754 3011 932 3086 Willelmo
951 3009 1134 3112 capellano
1154 3037 1235 3087 mco
1258 3055 1267 3072 ·
1288 3010 1407 3087 Aleno
1426 3010 1501 3086 filio
1519 3009 1676 3087 Rollsnd
1696 3011 1977 3088 constabulario·

468 3141 661 3226 malcolmo
681 3142 754 3218 filio
770 3142 911 3219 comitis
932 3141 1127 3219 Dunecani
1153 3185 1162 3203 ·
1189 3141 1327 3228 melito
1349 3141 1422 3218 filio
1445 3142 1585 3218 comitis
1601 3143 1742 3218 fforteth
1768 3141 1947 3218 Willelmo
1971 3185 1979 3201 ·

469 3275 632 3352 Golfrido
669 3317 679 3336 ·
716 3274 877 3351 Roberto
909 3317 918 3336 ·
955 3274 1074 3351 Oroch
1111 3318 1119 3334 ·
1157 3273 1365 3349 Alexandro
1399 3273 1606 3350 vicecomite
1643 3273 1689 3349 de
1726 3273 1933 3377 Streuyllyn
1969 3317 1977 3333 ·

472 3407 668 3509 Radulpho
702 3407 895 3484 camerario
934 3448 942 3467 ·
979 3407 1139 3483 Henrico
1170 3407 1215 3482 de
1252 3405 1411 3508 Kynroff
1440 3450 1448 3466 ·
1478 3405 1635 3484 Ricardo
1664 3405 1738 3482 filio
1773 3407 1976 3508 Hugonis·

468 3541 638 3643 Philippo
654 3541 843 3626 mariscallo
862 3581 871 3601 ·
898 3539 1077 3618 Willelmo
1093 3541 1139 3615 de
1156 3540 1322 3624 oeorauio
1339 3583 1347 3600 ·
1375 3537 1595 3617 Allexandro
1611 3538 1685 3615 filio
1702 3539 1823 3616 There
1842 3583 1851 3600 ·
1869 3539 1979 3642 Apud

471 3673 676 3774 Streuyllyn
692 3673 830 3749 decimo
847 3673 955 3749 tertio
974 3673 1033 3748 die
1052 3671 1208 3774 Augusti
1225 3712 1235 3732 ·

474 4041 717 4145 Confirmatio
733 4067 826 4167 regis
845 4065 1015 4142 Willelmi
1036 4069 1140 4169 super
1160 4070 1264 4143 terris
1290 4067 1335 4142 de
1352 4068 1527 4170 Ardenny
1546 4068 1774 4146 Achlonxich
1798 4073 1981 4148 Duffindir

472 4195 692 4297 meddirdyn
711 4237 720 4257 ·

407 4457 456 4536 73
475 4435 701 4540 Willelmus
718 4461 777 4537 dei
792 4463 908 4562 gratia
922 4488 987 4538 rex
1005 4461 1212 4540 Scottorum
1228 4464 1393 4539 omnibus
1409 4463 1529 4565 probis
1544 4462 1748 4584 hominibus
1764 4465 1873 4540 totius
1890 4480 1981 4542 torre

473 4596 532 4670 sue
548 4591 682 4668 clericis
700 4606 736 4667 ct
752 4591 850 4668 laicis
866 4592 1012 4670 salutem
1032 4636 1040 4653 ·
1060 4593 1185 4670 Sciant
1201 4595 1379 4695 presentes
1396 4609 1432 4671 et
1448 4593 1559 4672 fuori
1574 4621 1633 4670 me
1650 4597 1841 4672 concoffiffo
1858 4610 1895 4672 et
1914 4597 1981 4672 hac
