<?xml version="1.0" encoding="UTF-8"?>
<!DOCTYPE html PUBLIC "-//W3C//DTD XHTML 1.0 Transitional//EN"
    "http://www.w3.org/TR/xhtml1/DTD/xhtml1-transitional.dtd">
<html xmlns="http://www.w3.org/1999/xhtml" xml:lang="en" lang="en">
 <head>
  <title>
</title>
<meta http-equiv="Content-Type" content="text/html;charset=utf-8" />
  <meta name='ocr-system' content='tesseract 3.04.00' />
  <meta name='ocr-capabilities' content='ocr_page ocr_carea ocr_par ocr_line ocrx_word'/>
</head>
<body>
  <div class='ocr_page' id='page_1' title='image "./liberinsulemiss01innegoog_0120.png"; bbox 0 0 4450 6034; ppageno 0'>
   <div class='ocr_carea' id='block_1_1' title="bbox 461 509 1393 588">
    <p class='ocr_par' dir='ltr' id='par_1_1' title="bbox 461 509 1393 588">
     <span class='ocr_line' id='line_1_1' title="bbox 461 509 1393 588; baseline 0.005 -6"><span class='ocrx_word' id='word_1_1' title='bbox 461 513 509 582; x_wconf 78' lang='lat'><strong>42</strong></span> <span class='ocrx_word' id='word_1_2' title='bbox 1032 509 1393 588; x_wconf 84' lang='lat' dir='ltr'><strong>REGISTRUM</strong></span> 
     </span>
    </p>
   </div>
   <div class='ocr_carea' id='block_1_2' title="bbox 461 740 1980 3496">
    <p class='ocr_par' dir='ltr' id='par_1_2' title="bbox 461 740 1980 3496">
     <span class='ocr_line' id='line_1_2' title="bbox 461 740 1973 844; baseline 0.003 -28"><span class='ocrx_word' id='word_1_3' title='bbox 461 757 499 817; x_wconf 91' lang='lat' dir='ltr'><strong>et</strong></span> <span class='ocrx_word' id='word_1_4' title='bbox 525 740 644 824; x_wconf 78' lang='lat' dir='ltr'><strong>(cultis</strong></span> <span class='ocrx_word' id='word_1_5' title='bbox 669 743 746 818; x_wconf 86' lang='lat' dir='ltr'><strong>aliis</strong></span> <span class='ocrx_word' id='word_1_6' title='bbox 779 743 969 843; x_wconf 79' lang='lat' dir='ltr'><strong>fidedignis</strong></span> <span class='ocrx_word' id='word_1_7' title='bbox 1001 743 1150 818; x_wconf 83' lang='lat' dir='ltr'><strong>materia</strong></span> <span class='ocrx_word' id='word_1_8' title='bbox 1184 743 1376 844; x_wconf 78' lang='lat' dir='ltr'><strong>questionis</strong></span> <span class='ocrx_word' id='word_1_9' title='bbox 1409 757 1610 820; x_wconf 86' lang='lat' dir='ltr'><strong>verteretur</strong></span> <span class='ocrx_word' id='word_1_10' title='bbox 1643 769 1687 820; x_wconf 86' lang='lat' dir='ltr'><strong>ac</strong></span> <span class='ocrx_word' id='word_1_11' title='bbox 1719 746 1830 820; x_wconf 87' lang='lat' dir='ltr'><strong>etiam</strong></span> <span class='ocrx_word' id='word_1_12' title='bbox 1866 746 1973 822; x_wconf 74' lang='lat' dir='ltr'><strong>diaes</strong></span> 
     </span>
     <span class='ocr_line' id='line_1_3' title="bbox 462 873 1972 976; baseline 0.003 -29"><span class='ocrx_word' id='word_1_13' title='bbox 462 873 640 974; x_wconf 85' lang='lat' dir='ltr'><strong>religiosos</strong></span> <span class='ocrx_word' id='word_1_14' title='bbox 665 901 730 976; x_wconf 93' lang='lat' dir='ltr'><strong>pro</strong></span> <span class='ocrx_word' id='word_1_15' title='bbox 758 876 843 975; x_wconf 86' lang='lat' dir='ltr'><strong>jura</strong></span> <span class='ocrx_word' id='word_1_16' title='bbox 869 875 966 974; x_wconf 92' lang='lat' dir='ltr'><strong>quod</strong></span> <span class='ocrx_word' id='word_1_17' title='bbox 998 875 1036 948; x_wconf 93' lang='lat' dir='ltr'><strong>in</strong></span> <span class='ocrx_word' id='word_1_18' title='bbox 1065 875 1158 950; x_wconf 69' lang='lat' dir='ltr'><strong>dista</strong></span> <span class='ocrx_word' id='word_1_19' title='bbox 1187 889 1282 950; x_wconf 89' lang='lat' dir='ltr'><strong>terra</strong></span> <span class='ocrx_word' id='word_1_20' title='bbox 1311 873 1540 950; x_wconf 80' lang='lat' dir='ltr'><strong>credebamus</strong></span> <span class='ocrx_word' id='word_1_21' title='bbox 1570 875 1733 974; x_wconf 80' lang='lat' dir='ltr'><strong>optinere</strong></span> <span class='ocrx_word' id='word_1_22' title='bbox 1760 901 1827 976; x_wconf 89' lang='lat' dir='ltr'><strong>per</strong></span> <span class='ocrx_word' id='word_1_23' title='bbox 1856 875 1972 952; x_wconf 83' lang='lat' dir='ltr'><strong>literar</strong></span> 
     </span>
     <span class='ocr_line' id='line_1_4' title="bbox 464 1006 1972 1110; baseline 0.003 -31"><span class='ocrx_word' id='word_1_24' title='bbox 464 1006 599 1082; x_wconf 92' lang='lat' dir='ltr'><strong>domini</strong></span> <span class='ocrx_word' id='word_1_25' title='bbox 615 1009 723 1083; x_wconf 82' lang='lat' dir='ltr'><strong>nostri</strong></span> <span class='ocrx_word' id='word_1_26' title='bbox 736 1007 847 1108; x_wconf 83' lang='lat' dir='ltr'><strong>Regis</strong></span> <span class='ocrx_word' id='word_1_27' title='bbox 863 1007 902 1080; x_wconf 92' lang='lat' dir='ltr'><strong>in</strong></span> <span class='ocrx_word' id='word_1_28' title='bbox 918 1007 1011 1082; x_wconf 75' lang='lat' dir='ltr'><strong>dicta</strong></span> <span class='ocrx_word' id='word_1_29' title='bbox 1026 1007 1125 1083; x_wconf 89' lang='lat' dir='ltr'><strong>curia</strong></span> <span class='ocrx_word' id='word_1_30' title='bbox 1140 1007 1369 1108; x_wconf 85' lang='lat' dir='ltr'><strong>fatigauimus</strong></span> <span class='ocrx_word' id='word_1_31' title='bbox 1381 1034 1447 1108; x_wconf 86' lang='lat' dir='ltr'><strong>per</strong></span> <span class='ocrx_word' id='word_1_32' title='bbox 1459 1006 1613 1083; x_wconf 91' lang='lat' dir='ltr'><strong>multum</strong></span> <span class='ocrx_word' id='word_1_33' title='bbox 1630 1022 1773 1110; x_wconf 88' lang='lat' dir='ltr'><strong>tempus</strong></span> <span class='ocrx_word' id='word_1_34' title='bbox 1789 1053 1798 1069; x_wconf 93' lang='lat'><strong>·</strong></span> <span class='ocrx_word' id='word_1_35' title='bbox 1810 1009 1972 1084; x_wconf 86' lang='lat' dir='ltr'><strong>Tandem</strong></span> 
     </span>
     <span class='ocr_line' id='line_1_5' title="bbox 462 1133 1973 1242; baseline 0.003 -31"><span class='ocrx_word' id='word_1_36' title='bbox 462 1165 547 1213; x_wconf 81' lang='lat' dir='ltr'><strong>vero</strong></span> <span class='ocrx_word' id='word_1_37' title='bbox 570 1139 618 1212; x_wconf 84' lang='lat' dir='ltr'><strong>ad</strong></span> <span class='ocrx_word' id='word_1_38' title='bbox 642 1139 848 1214; x_wconf 82' lang='lat' dir='ltr'><strong>instanciam</strong></span> <span class='ocrx_word' id='word_1_39' title='bbox 864 1138 1037 1214; x_wconf 75' lang='lat' dir='ltr'><strong>diciorum</strong></span> <span class='ocrx_word' id='word_1_40' title='bbox 1056 1139 1250 1238; x_wconf 89' lang='lat' dir='ltr'><strong>proborum</strong></span> <span class='ocrx_word' id='word_1_41' title='bbox 1266 1155 1304 1216; x_wconf 87' lang='lat' dir='ltr'><strong>ct</strong></span> <span class='ocrx_word' id='word_1_42' title='bbox 1320 1167 1386 1242; x_wconf 89' lang='lat' dir='ltr'><strong>per</strong></span> <span class='ocrx_word' id='word_1_43' title='bbox 1403 1142 1574 1218; x_wconf 82' lang='lat' dir='ltr'><strong>assensum</strong></span> <span class='ocrx_word' id='word_1_44' title='bbox 1591 1133 1627 1218; x_wconf 80' lang='lat' dir='ltr'><strong>et</strong></span> <span class='ocrx_word' id='word_1_45' title='bbox 1644 1141 1848 1218; x_wconf 86' lang='lat' dir='ltr'><strong>consensum</strong></span> <span class='ocrx_word' id='word_1_46' title='bbox 1866 1143 1973 1242; x_wconf 89' lang='lat' dir='ltr'><strong>partis</strong></span> 
     </span>
     <span class='ocr_line' id='line_1_6' title="bbox 464 1269 1973 1375; baseline 0.004 -34"><span class='ocrx_word' id='word_1_47' title='bbox 464 1269 642 1370; x_wconf 77' lang='lat' dir='ltr'><strong>utriusque</strong></span> <span class='ocrx_word' id='word_1_48' title='bbox 658 1270 738 1345; x_wconf 86' lang='lat' dir='ltr'><strong>talis</strong></span> <span class='ocrx_word' id='word_1_49' title='bbox 755 1269 948 1345; x_wconf 86' lang='lat' dir='ltr'><strong>amicabilis</strong></span> <span class='ocrx_word' id='word_1_50' title='bbox 960 1270 1168 1371; x_wconf 84' lang='lat' dir='ltr'><strong>composicio</strong></span> <span class='ocrx_word' id='word_1_51' title='bbox 1182 1271 1377 1348; x_wconf 89' lang='lat' dir='ltr'><strong>interuenit</strong></span> <span class='ocrx_word' id='word_1_52' title='bbox 1390 1273 1555 1349; x_wconf 85' lang='lat' dir='ltr'><strong>videlicet</strong></span> <span class='ocrx_word' id='word_1_53' title='bbox 1572 1314 1583 1334; x_wconf 92' lang='lat'><strong>·</strong></span> <span class='ocrx_word' id='word_1_54' title='bbox 1600 1274 1698 1374; x_wconf 88' lang='lat' dir='ltr'><strong>quod</strong></span> <span class='ocrx_word' id='word_1_55' title='bbox 1711 1301 1779 1375; x_wconf 88' lang='lat' dir='ltr'><strong>ego</strong></span> <span class='ocrx_word' id='word_1_56' title='bbox 1792 1271 1973 1350; x_wconf 86' lang='lat' dir='ltr'><strong>Walterus</strong></span> 
     </span>
     <span class='ocr_line' id='line_1_7' title="bbox 466 1393 1974 1504; baseline 0.003 -26"><span class='ocrx_word' id='word_1_57' title='bbox 466 1418 504 1478; x_wconf 89' lang='lat' dir='ltr'><strong>et</strong></span> <span class='ocrx_word' id='word_1_58' title='bbox 525 1403 662 1503; x_wconf 83' lang='lat' dir='ltr'><strong>Hawys</strong></span> <span class='ocrx_word' id='word_1_59' title='bbox 687 1393 808 1504; x_wconf 85' lang='lat' dir='ltr'><strong>sponsa</strong></span> <span class='ocrx_word' id='word_1_60' title='bbox 828 1429 910 1478; x_wconf 87' lang='lat' dir='ltr'><strong>mea</strong></span> <span class='ocrx_word' id='word_1_61' title='bbox 932 1402 1095 1478; x_wconf 81' lang='lat' dir='ltr'><strong>dedimus</strong></span> <span class='ocrx_word' id='word_1_62' title='bbox 1122 1417 1159 1478; x_wconf 90' lang='lat' dir='ltr'><strong>et</strong></span> <span class='ocrx_word' id='word_1_63' title='bbox 1184 1407 1410 1480; x_wconf 80' lang='lat' dir='ltr'><strong>concessimus</strong></span> <span class='ocrx_word' id='word_1_64' title='bbox 1438 1405 1484 1482; x_wconf 90' lang='lat' dir='ltr'><strong>de</strong></span> <span class='ocrx_word' id='word_1_65' title='bbox 1510 1406 1611 1482; x_wconf 88' lang='lat' dir='ltr'><strong>nobis</strong></span> <span class='ocrx_word' id='word_1_66' title='bbox 1637 1422 1673 1482; x_wconf 89' lang='lat' dir='ltr'><strong>et</strong></span> <span class='ocrx_word' id='word_1_67' title='bbox 1696 1407 1889 1482; x_wconf 83' lang='lat' dir='ltr'><strong>heredibus</strong></span> <span class='ocrx_word' id='word_1_68' title='bbox 1918 1407 1974 1482; x_wconf 88' lang='lat' dir='ltr'><strong>seu</strong></span> 
     </span>
     <span class='ocr_line' id='line_1_8' title="bbox 466 1533 1973 1638; baseline 0.002 -30"><span class='ocrx_word' id='word_1_69' title='bbox 466 1535 640 1634; x_wconf 81' lang='lat' dir='ltr'><strong>assignatis</strong></span> <span class='ocrx_word' id='word_1_70' title='bbox 666 1533 1013 1635; x_wconf 64' lang='lat' dir='ltr'><strong>mereraugiensi</strong></span> <span class='ocrx_word' id='word_1_71' title='bbox 1038 1536 1433 1612; x_wconf 83' lang='lat' dir='ltr'><strong>eorumsuccefforibus</strong></span> <span class='ocrx_word' id='word_1_72' title='bbox 1466 1563 1572 1614; x_wconf 90' lang='lat' dir='ltr'><strong>omne</strong></span> <span class='ocrx_word' id='word_1_73' title='bbox 1593 1540 1655 1638; x_wconf 90' lang='lat' dir='ltr'><strong>jus</strong></span> <span class='ocrx_word' id='word_1_74' title='bbox 1682 1553 1720 1614; x_wconf 89' lang='lat' dir='ltr'><strong>et</strong></span> <span class='ocrx_word' id='word_1_75' title='bbox 1749 1537 1926 1614; x_wconf 83' lang='lat' dir='ltr'><strong>clamenm</strong></span> <span class='ocrx_word' id='word_1_76' title='bbox 1951 1541 1973 1611; x_wconf 87' lang='lat' dir='ltr'><strong>li</strong></span> 
     </span>
     <span class='ocr_line' id='line_1_9' title="bbox 467 1665 1974 1772; baseline 0.003 -32"><span class='ocrx_word' id='word_1_77' title='bbox 467 1668 563 1769; x_wconf 93' lang='lat' dir='ltr'><strong>quod</strong></span> <span class='ocrx_word' id='word_1_78' title='bbox 587 1669 625 1741; x_wconf 91' lang='lat' dir='ltr'><strong>in</strong></span> <span class='ocrx_word' id='word_1_79' title='bbox 647 1668 739 1743; x_wconf 69' lang='lat' dir='ltr'><strong>dicta</strong></span> <span class='ocrx_word' id='word_1_80' title='bbox 763 1682 859 1745; x_wconf 89' lang='lat' dir='ltr'><strong>terra</strong></span> <span class='ocrx_word' id='word_1_81' title='bbox 883 1667 1071 1742; x_wconf 89' lang='lat' dir='ltr'><strong>habuimus</strong></span> <span class='ocrx_word' id='word_1_82' title='bbox 1095 1667 1153 1742; x_wconf 83' lang='lat' dir='ltr'><strong>vel</strong></span> <span class='ocrx_word' id='word_1_83' title='bbox 1176 1669 1380 1771; x_wconf 87' lang='lat' dir='ltr'><strong>inposterim</strong></span> <span class='ocrx_word' id='word_1_84' title='bbox 1407 1670 1538 1746; x_wconf 89' lang='lat' dir='ltr'><strong>habere</strong></span> <span class='ocrx_word' id='word_1_85' title='bbox 1567 1671 1764 1772; x_wconf 79' lang='lat' dir='ltr'><strong>poterimus</strong></span> <span class='ocrx_word' id='word_1_86' title='bbox 1793 1697 1860 1772; x_wconf 92' lang='lat' dir='ltr'><strong>pro</strong></span> <span class='ocrx_word' id='word_1_87' title='bbox 1888 1665 1974 1771; x_wconf 85' lang='lat' dir='ltr'><strong>qua-</strong></span> 
     </span>
     <span class='ocr_line' id='line_1_10' title="bbox 467 1793 1974 1905; baseline 0 -29"><span class='ocrx_word' id='word_1_88' title='bbox 467 1799 551 1876; x_wconf 90' lang='lat' dir='ltr'><strong>dam</strong></span> <span class='ocrx_word' id='word_1_89' title='bbox 570 1796 705 1876; x_wconf 81' lang='lat' dir='ltr'><strong>summa</strong></span> <span class='ocrx_word' id='word_1_90' title='bbox 724 1801 894 1903; x_wconf 90' lang='lat' dir='ltr'><strong>peccunie</strong></span> <span class='ocrx_word' id='word_1_91' title='bbox 916 1827 1023 1901; x_wconf 90' lang='lat' dir='ltr'><strong>quam</strong></span> <span class='ocrx_word' id='word_1_92' title='bbox 1042 1800 1125 1876; x_wconf 81' lang='lat' dir='ltr'><strong>dicti</strong></span> <span class='ocrx_word' id='word_1_93' title='bbox 1144 1800 1292 1903; x_wconf 78' lang='lat' dir='ltr'><strong>religiosi</strong></span> <span class='ocrx_word' id='word_1_94' title='bbox 1315 1803 1353 1878; x_wconf 93' lang='lat' dir='ltr'><strong>in</strong></span> <span class='ocrx_word' id='word_1_95' title='bbox 1373 1830 1504 1905; x_wconf 81' lang='lat' dir='ltr'><strong>magua</strong></span> <span class='ocrx_word' id='word_1_96' title='bbox 1518 1793 1640 1879; x_wconf 56' lang='lat' dir='ltr'><strong>&#39;nostra</strong></span> <span class='ocrx_word' id='word_1_97' title='bbox 1658 1805 1860 1879; x_wconf 84' lang='lat' dir='ltr'><strong>necessitate</strong></span> <span class='ocrx_word' id='word_1_98' title='bbox 1877 1804 1974 1879; x_wconf 87' lang='lat' dir='ltr'><strong>nobis</strong></span> 
     </span>
     <span class='ocr_line' id='line_1_11' title="bbox 468 1934 1974 2038; baseline 0.003 -30"><span class='ocrx_word' id='word_1_99' title='bbox 468 1934 644 2010; x_wconf 87' lang='lat' dir='ltr'><strong>dederunt</strong></span> <span class='ocrx_word' id='word_1_100' title='bbox 665 1962 730 2037; x_wconf 89' lang='lat' dir='ltr'><strong>pre</strong></span> <span class='ocrx_word' id='word_1_101' title='bbox 756 1935 919 2009; x_wconf 87' lang='lat' dir='ltr'><strong>manibus</strong></span> <span class='ocrx_word' id='word_1_102' title='bbox 943 1960 1050 2033; x_wconf 92' lang='lat' dir='ltr'><strong>quam</strong></span> <span class='ocrx_word' id='word_1_103' title='bbox 1075 1934 1221 2034; x_wconf 87' lang='lat' dir='ltr'><strong>quidem</strong></span> <span class='ocrx_word' id='word_1_104' title='bbox 1245 1937 1417 2010; x_wconf 88' lang='lat' dir='ltr'><strong>summam</strong></span> <span class='ocrx_word' id='word_1_105' title='bbox 1444 1936 1615 2038; x_wconf 80' lang='lat' dir='ltr'><strong>peccunia</strong></span> <span class='ocrx_word' id='word_1_106' title='bbox 1642 1939 1885 2036; x_wconf 81' lang='lat' dir='ltr'><strong>cognoscimus</strong></span> <span class='ocrx_word' id='word_1_107' title='bbox 1914 1964 1974 2012; x_wconf 91' lang='lat' dir='ltr'><strong>nos</strong></span> 
     </span>
     <span class='ocr_line' id='line_1_12' title="bbox 467 2059 1974 2168; baseline -0.003 -27"><span class='ocrx_word' id='word_1_108' title='bbox 467 2065 625 2142; x_wconf 86' lang='lat' dir='ltr'><strong>totaliter</strong></span> <span class='ocrx_word' id='word_1_109' title='bbox 642 2067 807 2168; x_wconf 79' lang='lat' dir='ltr'><strong>recepisse</strong></span> <span class='ocrx_word' id='word_1_110' title='bbox 828 2083 865 2140; x_wconf 88' lang='lat' dir='ltr'><strong>et</strong></span> <span class='ocrx_word' id='word_1_111' title='bbox 881 2066 918 2138; x_wconf 91' lang='lat' dir='ltr'><strong>in</strong></span> <span class='ocrx_word' id='word_1_112' title='bbox 936 2067 1070 2140; x_wconf 85' lang='lat' dir='ltr'><strong>nostros</strong></span> <span class='ocrx_word' id='word_1_113' title='bbox 1086 2066 1165 2140; x_wconf 82' lang='lat' dir='ltr'><strong>rsus</strong></span> <span class='ocrx_word' id='word_1_114' title='bbox 1182 2065 1388 2140; x_wconf 83' lang='lat' dir='ltr'><strong>necessarios</strong></span> <span class='ocrx_word' id='word_1_115' title='bbox 1404 2063 1613 2140; x_wconf 83' lang='lat' dir='ltr'><strong>conuertisse</strong></span> <span class='ocrx_word' id='word_1_116' title='bbox 1637 2106 1646 2124; x_wconf 91' lang='lat'><strong>·</strong></span> <span class='ocrx_word' id='word_1_117' title='bbox 1670 2059 1921 2138; x_wconf 83' lang='lat' dir='ltr'><strong>renunciantes</strong></span> <span class='ocrx_word' id='word_1_118' title='bbox 1942 2064 1974 2136; x_wconf 92' lang='lat' dir='ltr'><strong>in</strong></span> 
     </span>
     <span class='ocr_line' id='line_1_13' title="bbox 467 2183 1976 2302; baseline -0.003 -28"><span class='ocrx_word' id='word_1_119' title='bbox 467 2199 535 2275; x_wconf 88' lang='lat' dir='ltr'><strong>hac</strong></span> <span class='ocrx_word' id='word_1_120' title='bbox 560 2215 661 2302; x_wconf 85' lang='lat' dir='ltr'><strong>parte</strong></span> <span class='ocrx_word' id='word_1_121' title='bbox 686 2200 809 2302; x_wconf 87' lang='lat' dir='ltr'><strong>sponte</strong></span> <span class='ocrx_word' id='word_1_122' title='bbox 834 2213 872 2273; x_wconf 85' lang='lat' dir='ltr'><strong>ct</strong></span> <span class='ocrx_word' id='word_1_123' title='bbox 897 2197 1052 2274; x_wconf 87' lang='lat' dir='ltr'><strong>absolute</strong></span> <span class='ocrx_word' id='word_1_124' title='bbox 1071 2225 1137 2300; x_wconf 92' lang='lat' dir='ltr'><strong>pro</strong></span> <span class='ocrx_word' id='word_1_125' title='bbox 1160 2199 1262 2273; x_wconf 92' lang='lat' dir='ltr'><strong>nobis</strong></span> <span class='ocrx_word' id='word_1_126' title='bbox 1285 2212 1321 2272; x_wconf 91' lang='lat' dir='ltr'><strong>et</strong></span> <span class='ocrx_word' id='word_1_127' title='bbox 1340 2183 1533 2273; x_wconf 82' lang='lat' dir='ltr'><strong>heredibus</strong></span> <span class='ocrx_word' id='word_1_128' title='bbox 1557 2197 1681 2272; x_wconf 82' lang='lat' dir='ltr'><strong>nostris</strong></span> <span class='ocrx_word' id='word_1_129' title='bbox 1706 2199 1778 2273; x_wconf 87' lang='lat' dir='ltr'><strong>fine</strong></span> <span class='ocrx_word' id='word_1_130' title='bbox 1803 2190 1976 2298; x_wconf 80' lang='lat' dir='ltr'><strong>assignatis</strong></span> 
     </span>
     <span class='ocr_line' id='line_1_14' title="bbox 470 2330 1977 2433; baseline -0.003 -25"><span class='ocrx_word' id='word_1_131' title='bbox 470 2335 570 2409; x_wconf 91' lang='lat' dir='ltr'><strong>omni</strong></span> <span class='ocrx_word' id='word_1_132' title='bbox 589 2334 682 2433; x_wconf 89' lang='lat' dir='ltr'><strong>juris</strong></span> <span class='ocrx_word' id='word_1_133' title='bbox 707 2347 745 2408; x_wconf 87' lang='lat' dir='ltr'><strong>et</strong></span> <span class='ocrx_word' id='word_1_134' title='bbox 769 2332 850 2407; x_wconf 74' lang='lat' dir='ltr'><strong>facti</strong></span> <span class='ocrx_word' id='word_1_135' title='bbox 873 2332 1030 2407; x_wconf 89' lang='lat' dir='ltr'><strong>remedio</strong></span> <span class='ocrx_word' id='word_1_136' title='bbox 1056 2331 1257 2432; x_wconf 88' lang='lat' dir='ltr'><strong>exceptioni</strong></span> <span class='ocrx_word' id='word_1_137' title='bbox 1281 2357 1354 2406; x_wconf 88' lang='lat' dir='ltr'><strong>non</strong></span> <span class='ocrx_word' id='word_1_138' title='bbox 1378 2330 1466 2406; x_wconf 76' lang='lat' dir='ltr'><strong>fatte</strong></span> <span class='ocrx_word' id='word_1_139' title='bbox 1491 2331 1723 2432; x_wconf 83' lang='lat' dir='ltr'><strong>promissionis</strong></span> <span class='ocrx_word' id='word_1_140' title='bbox 1747 2331 1919 2431; x_wconf 66' lang='lat' dir='ltr'><strong>pastionis</strong></span> <span class='ocrx_word' id='word_1_141' title='bbox 1944 2343 1977 2405; x_wconf 92' lang='lat' dir='ltr'><strong>et</strong></span> 
     </span>
     <span class='ocr_line' id='line_1_15' title="bbox 469 2459 1977 2563; baseline -0.002 -24"><span class='ocrx_word' id='word_1_142' title='bbox 469 2463 713 2539; x_wconf 89' lang='lat' dir='ltr'><strong>conuentionis</strong></span> <span class='ocrx_word' id='word_1_143' title='bbox 733 2477 771 2537; x_wconf 90' lang='lat' dir='ltr'><strong>ct</strong></span> <span class='ocrx_word' id='word_1_144' title='bbox 787 2462 839 2537; x_wconf 87' lang='lat' dir='ltr'><strong>rei</strong></span> <span class='ocrx_word' id='word_1_145' title='bbox 854 2464 900 2536; x_wconf 86' lang='lat' dir='ltr'><strong>lic</strong></span> <span class='ocrx_word' id='word_1_146' title='bbox 916 2488 989 2535; x_wconf 93' lang='lat' dir='ltr'><strong>non</strong></span> <span class='ocrx_word' id='word_1_147' title='bbox 1009 2463 1104 2560; x_wconf 83' lang='lat' dir='ltr'><strong>geste</strong></span> <span class='ocrx_word' id='word_1_148' title='bbox 1122 2462 1194 2538; x_wconf 92' lang='lat' dir='ltr'><strong>doli</strong></span> <span class='ocrx_word' id='word_1_149' title='bbox 1217 2476 1254 2538; x_wconf 87' lang='lat' dir='ltr'><strong>st</strong></span> <span class='ocrx_word' id='word_1_150' title='bbox 1269 2461 1403 2536; x_wconf 79' lang='lat' dir='ltr'><strong>haudis</strong></span> <span class='ocrx_word' id='word_1_151' title='bbox 1425 2461 1611 2563; x_wconf 84' lang='lat' dir='ltr'><strong>priuilegio</strong></span> <span class='ocrx_word' id='word_1_152' title='bbox 1627 2459 1695 2536; x_wconf 90' lang='lat' dir='ltr'><strong>fori</strong></span> <span class='ocrx_word' id='word_1_153' title='bbox 1717 2475 1755 2536; x_wconf 87' lang='lat' dir='ltr'><strong>et</strong></span> <span class='ocrx_word' id='word_1_154' title='bbox 1775 2462 1873 2538; x_wconf 89' lang='lat' dir='ltr'><strong>omni</strong></span> <span class='ocrx_word' id='word_1_155' title='bbox 1888 2461 1977 2561; x_wconf 88' lang='lat' dir='ltr'><strong>juris</strong></span> 
     </span>
     <span class='ocr_line' id='line_1_16' title="bbox 469 2593 1976 2697; baseline -0.003 -25"><span class='ocrx_word' id='word_1_156' title='bbox 469 2613 506 2672; x_wconf 86' lang='lat' dir='ltr'><strong>et</strong></span> <span class='ocrx_word' id='word_1_157' title='bbox 527 2594 648 2697; x_wconf 85' lang='lat' dir='ltr'><strong>legum</strong></span> <span class='ocrx_word' id='word_1_158' title='bbox 665 2595 794 2671; x_wconf 88' lang='lat' dir='ltr'><strong>auxilio</strong></span> <span class='ocrx_word' id='word_1_159' title='bbox 818 2595 986 2670; x_wconf 88' lang='lat' dir='ltr'><strong>canonice</strong></span> <span class='ocrx_word' id='word_1_160' title='bbox 1008 2608 1045 2669; x_wconf 89' lang='lat' dir='ltr'><strong>et</strong></span> <span class='ocrx_word' id='word_1_161' title='bbox 1067 2593 1179 2669; x_wconf 90' lang='lat' dir='ltr'><strong>ciuilis</strong></span> <span class='ocrx_word' id='word_1_162' title='bbox 1200 2593 1445 2669; x_wconf 84' lang='lat' dir='ltr'><strong>consuetudini</strong></span> <span class='ocrx_word' id='word_1_163' title='bbox 1464 2608 1502 2668; x_wconf 88' lang='lat' dir='ltr'><strong>et</strong></span> <span class='ocrx_word' id='word_1_164' title='bbox 1526 2595 1656 2668; x_wconf 84' lang='lat' dir='ltr'><strong>statuto</strong></span> <span class='ocrx_word' id='word_1_165' title='bbox 1673 2619 1716 2668; x_wconf 85' lang='lat' dir='ltr'><strong>ac</strong></span> <span class='ocrx_word' id='word_1_166' title='bbox 1742 2595 1849 2670; x_wconf 89' lang='lat' dir='ltr'><strong>etiam</strong></span> <span class='ocrx_word' id='word_1_167' title='bbox 1867 2593 1976 2670; x_wconf 85' lang='lat' dir='ltr'><strong>literis</strong></span> 
     </span>
     <span class='ocr_line' id='line_1_17' title="bbox 468 2723 1976 2829; baseline -0.003 -26"><span class='ocrx_word' id='word_1_168' title='bbox 468 2728 574 2829; x_wconf 82' lang='lat' dir='ltr'><strong>regiis</strong></span> <span class='ocrx_word' id='word_1_169' title='bbox 603 2742 640 2802; x_wconf 89' lang='lat' dir='ltr'><strong>et</strong></span> <span class='ocrx_word' id='word_1_170' title='bbox 669 2727 864 2828; x_wconf 85' lang='lat' dir='ltr'><strong>apostolicis</strong></span> <span class='ocrx_word' id='word_1_171' title='bbox 890 2725 1088 2826; x_wconf 85' lang='lat' dir='ltr'><strong>impetratis</strong></span> <span class='ocrx_word' id='word_1_172' title='bbox 1115 2740 1152 2800; x_wconf 89' lang='lat' dir='ltr'><strong>ct</strong></span> <span class='ocrx_word' id='word_1_173' title='bbox 1179 2725 1409 2826; x_wconf 86' lang='lat' dir='ltr'><strong>impetrandis</strong></span> <span class='ocrx_word' id='word_1_174' title='bbox 1439 2749 1481 2799; x_wconf 90' lang='lat' dir='ltr'><strong>ac</strong></span> <span class='ocrx_word' id='word_1_175' title='bbox 1508 2724 1671 2798; x_wconf 89' lang='lat' dir='ltr'><strong>omnibus</strong></span> <span class='ocrx_word' id='word_1_176' title='bbox 1698 2723 1776 2800; x_wconf 84' lang='lat' dir='ltr'><strong>aliis</strong></span> <span class='ocrx_word' id='word_1_177' title='bbox 1803 2739 1879 2800; x_wconf 90' lang='lat' dir='ltr'><strong>tam</strong></span> <span class='ocrx_word' id='word_1_178' title='bbox 1906 2753 1976 2801; x_wconf 90' lang='lat' dir='ltr'><strong>non</strong></span> 
     </span>
     <span class='ocr_line' id='line_1_18' title="bbox 469 2856 1978 2960; baseline -0.004 -24"><span class='ocrx_word' id='word_1_179' title='bbox 469 2861 659 2936; x_wconf 88' lang='lat' dir='ltr'><strong>nominatis</strong></span> <span class='ocrx_word' id='word_1_180' title='bbox 675 2887 782 2960; x_wconf 89' lang='lat' dir='ltr'><strong>quam</strong></span> <span class='ocrx_word' id='word_1_181' title='bbox 799 2858 1011 2933; x_wconf 86' lang='lat' dir='ltr'><strong>nominatis·</strong></span> <span class='ocrx_word' id='word_1_182' title='bbox 1026 2856 1124 2959; x_wconf 81' lang='lat' dir='ltr'><strong>[per]</strong></span> <span class='ocrx_word' id='word_1_183' title='bbox 1139 2857 1236 2957; x_wconf 91' lang='lat' dir='ltr'><strong>quod</strong></span> <span class='ocrx_word' id='word_1_184' title='bbox 1252 2857 1393 2957; x_wconf 86' lang='lat' dir='ltr'><strong>presens</strong></span> <span class='ocrx_word' id='word_1_185' title='bbox 1410 2857 1684 2932; x_wconf 84' lang='lat' dir='ltr'><strong>instrumentum</strong></span> <span class='ocrx_word' id='word_1_186' title='bbox 1700 2859 1802 2958; x_wconf 87' lang='lat' dir='ltr'><strong>poffit</strong></span> <span class='ocrx_word' id='word_1_187' title='bbox 1815 2859 1908 2933; x_wconf 91' lang='lat' dir='ltr'><strong>obici</strong></span> <span class='ocrx_word' id='word_1_188' title='bbox 1924 2857 1978 2932; x_wconf 89' lang='lat' dir='ltr'><strong>vel</strong></span> 
     </span>
     <span class='ocr_line' id='line_1_19' title="bbox 469 2988 1978 3098; baseline -0.005 -26"><span class='ocrx_word' id='word_1_189' title='bbox 469 2993 603 3098; x_wconf 91' lang='lat' dir='ltr'><strong>opponi</strong></span> <span class='ocrx_word' id='word_1_190' title='bbox 621 2992 924 3094; x_wconf 85' lang='lat' dir='ltr'><strong>quocienscunque</strong></span> <span class='ocrx_word' id='word_1_191' title='bbox 944 3005 1068 3066; x_wconf 89' lang='lat' dir='ltr'><strong>contra</strong></span> <span class='ocrx_word' id='word_1_192' title='bbox 1086 2990 1252 3091; x_wconf 80' lang='lat' dir='ltr'><strong>premissa</strong></span> <span class='ocrx_word' id='word_1_193' title='bbox 1272 2988 1328 3064; x_wconf 87' lang='lat' dir='ltr'><strong>vol</strong></span> <span class='ocrx_word' id='word_1_194' title='bbox 1349 2989 1482 3089; x_wconf 89' lang='lat' dir='ltr'><strong>aliquid</strong></span> <span class='ocrx_word' id='word_1_195' title='bbox 1502 2989 1749 3090; x_wconf 85' lang='lat' dir='ltr'><strong>premissorum</strong></span> <span class='ocrx_word' id='word_1_196' title='bbox 1769 2991 1978 3091; x_wconf 81' lang='lat' dir='ltr'><strong>impugnare</strong></span> 
     </span>
     <span class='ocr_line' id='line_1_20' title="bbox 472 3121 1978 3226; baseline -0.003 -23"><span class='ocrx_word' id='word_1_197' title='bbox 472 3128 529 3204; x_wconf 87' lang='lat' dir='ltr'><strong>vol</strong></span> <span class='ocrx_word' id='word_1_198' title='bbox 544 3127 644 3204; x_wconf 87' lang='lat' dir='ltr'><strong>litem</strong></span> <span class='ocrx_word' id='word_1_199' title='bbox 659 3151 803 3203; x_wconf 85' lang='lat' dir='ltr'><strong>mouere</strong></span> <span class='ocrx_word' id='word_1_200' title='bbox 817 3124 1057 3226; x_wconf 84' lang='lat' dir='ltr'><strong>presumumus</strong></span> <span class='ocrx_word' id='word_1_201' title='bbox 1073 3121 1129 3197; x_wconf 86' lang='lat' dir='ltr'><strong>vel</strong></span> <span class='ocrx_word' id='word_1_202' title='bbox 1146 3121 1364 3196; x_wconf 85' lang='lat' dir='ltr'><strong>intendimus</strong></span> <span class='ocrx_word' id='word_1_203' title='bbox 1393 3163 1401 3181; x_wconf 94' lang='lat'><strong>·</strong></span> <span class='ocrx_word' id='word_1_204' title='bbox 1431 3121 1482 3194; x_wconf 89' lang='lat' dir='ltr'><strong>Et</strong></span> <span class='ocrx_word' id='word_1_205' title='bbox 1499 3121 1545 3194; x_wconf 84' lang='lat' dir='ltr'><strong>ad</strong></span> <span class='ocrx_word' id='word_1_206' title='bbox 1561 3123 1733 3219; x_wconf 89' lang='lat' dir='ltr'><strong>majorem</strong></span> <span class='ocrx_word' id='word_1_207' title='bbox 1750 3123 1802 3197; x_wconf 88' lang='lat' dir='ltr'><strong>rei</strong></span> <span class='ocrx_word' id='word_1_208' title='bbox 1818 3122 1978 3199; x_wconf 75' lang='lat' dir='ltr'><strong>samarita</strong></span> 
     </span>
     <span class='ocr_line' id='line_1_21' title="bbox 473 3251 1980 3356; baseline -0.005 -19"><span class='ocrx_word' id='word_1_209' title='bbox 473 3277 547 3337; x_wconf 87' lang='lat' dir='ltr'><strong>tem</strong></span> <span class='ocrx_word' id='word_1_210' title='bbox 563 3258 761 3334; x_wconf 84' lang='lat' dir='ltr'><strong>faciendam</strong></span> <span class='ocrx_word' id='word_1_211' title='bbox 778 3256 860 3331; x_wconf 90' lang='lat' dir='ltr'><strong>huic</strong></span> <span class='ocrx_word' id='word_1_212' title='bbox 877 3254 1004 3356; x_wconf 90' lang='lat' dir='ltr'><strong>scripto</strong></span> <span class='ocrx_word' id='word_1_213' title='bbox 1018 3253 1168 3356; x_wconf 80' lang='lat' dir='ltr'><strong>sigillum</strong></span> <span class='ocrx_word' id='word_1_214' title='bbox 1185 3253 1276 3328; x_wconf 75' lang='lat' dir='ltr'><strong>diota</strong></span> <span class='ocrx_word' id='word_1_215' title='bbox 1294 3251 1414 3352; x_wconf 90' lang='lat' dir='ltr'><strong>sponse</strong></span> <span class='ocrx_word' id='word_1_216' title='bbox 1439 3278 1518 3326; x_wconf 86' lang='lat' dir='ltr'><strong>mee</strong></span> <span class='ocrx_word' id='word_1_217' title='bbox 1535 3253 1762 3353; x_wconf 89' lang='lat' dir='ltr'><strong>apposuimus</strong></span> <span class='ocrx_word' id='word_1_218' title='bbox 1779 3280 1920 3330; x_wconf 89' lang='lat' dir='ltr'><strong>necnon</strong></span> <span class='ocrx_word' id='word_1_219' title='bbox 1946 3269 1980 3332; x_wconf 89' lang='lat' dir='ltr'><strong>et</strong></span> 
     </span>
     <span class='ocr_line' id='line_1_22' title="bbox 469 3385 1980 3496; baseline -0.002 -27"><span class='ocrx_word' id='word_1_220' title='bbox 469 3393 618 3496; x_wconf 85' lang='lat' dir='ltr'><strong>sigillum</strong></span> <span class='ocrx_word' id='word_1_221' title='bbox 637 3392 720 3467; x_wconf 74' lang='lat' dir='ltr'><strong>dicti</strong></span> <span class='ocrx_word' id='word_1_222' title='bbox 740 3390 945 3467; x_wconf 87' lang='lat' dir='ltr'><strong>venerabilis</strong></span> <span class='ocrx_word' id='word_1_223' title='bbox 969 3391 1081 3492; x_wconf 89' lang='lat' dir='ltr'><strong>patris</strong></span> <span class='ocrx_word' id='word_1_224' title='bbox 1106 3389 1259 3491; x_wconf 88' lang='lat' dir='ltr'><strong>episcopi</strong></span> <span class='ocrx_word' id='word_1_225' title='bbox 1277 3385 1540 3462; x_wconf 86' lang='lat' dir='ltr'><strong>Dunblanenfis</strong></span> <span class='ocrx_word' id='word_1_226' title='bbox 1566 3401 1603 3462; x_wconf 90' lang='lat' dir='ltr'><strong>ct</strong></span> <span class='ocrx_word' id='word_1_227' title='bbox 1628 3385 1773 3463; x_wconf 83' lang='lat' dir='ltr'><strong>Grillini</strong></span> <span class='ocrx_word' id='word_1_228' title='bbox 1796 3390 1842 3465; x_wconf 89' lang='lat' dir='ltr'><strong>de</strong></span> <span class='ocrx_word' id='word_1_229' title='bbox 1864 3390 1980 3466; x_wconf 79' lang='lat' dir='ltr'><strong>Insula</strong></span> 
     </span>
    </p>
   </div>
   <div class='ocr_carea' id='block_1_3' title="bbox 322 3521 1979 3640">
    <p class='ocr_par' dir='ltr' id='par_1_3' title="bbox 322 3521 1979 3640">
     <span class='ocr_line' id='line_1_23' title="bbox 322 3521 1979 3640; baseline -0.004 -36"><span class='ocrx_word' id='word_1_230' title='bbox 322 3586 331 3640; x_wconf 55' lang='lat'>5</span> <span class='ocrx_word' id='word_1_231' title='bbox 469 3543 556 3603; x_wconf 90' lang='lat' dir='ltr'><strong>tunc</strong></span> <span class='ocrx_word' id='word_1_232' title='bbox 572 3526 785 3601; x_wconf 86' lang='lat' dir='ltr'><strong>vicecomitis</strong></span> <span class='ocrx_word' id='word_1_233' title='bbox 807 3525 853 3601; x_wconf 89' lang='lat' dir='ltr'><strong>de</strong></span> <span class='ocrx_word' id='word_1_234' title='bbox 873 3525 985 3601; x_wconf 85' lang='lat' dir='ltr'><strong>Parth</strong></span> <span class='ocrx_word' id='word_1_235' title='bbox 1005 3538 1043 3600; x_wconf 88' lang='lat' dir='ltr'><strong>et</strong></span> <span class='ocrx_word' id='word_1_236' title='bbox 1059 3523 1234 3599; x_wconf 87' lang='lat' dir='ltr'><strong>Johannis</strong></span> <span class='ocrx_word' id='word_1_237' title='bbox 1251 3521 1376 3596; x_wconf 87' lang='lat' dir='ltr'><strong>Abbot</strong></span> <span class='ocrx_word' id='word_1_238' title='bbox 1398 3535 1435 3596; x_wconf 86' lang='lat' dir='ltr'><strong>et</strong></span> <span class='ocrx_word' id='word_1_239' title='bbox 1456 3521 1633 3596; x_wconf 84' lang='lat' dir='ltr'><strong>Johanuis</strong></span> <span class='ocrx_word' id='word_1_240' title='bbox 1650 3522 1697 3596; x_wconf 89' lang='lat' dir='ltr'><strong>de</strong></span> <span class='ocrx_word' id='word_1_241' title='bbox 1714 3521 1828 3598; x_wconf 82' lang='lat' dir='ltr'><strong>Parth</strong></span> <span class='ocrx_word' id='word_1_242' title='bbox 1847 3525 1979 3625; x_wconf 86' lang='lat' dir='ltr'><strong>opponi</strong></span> 
     </span>
    </p>
   </div>
   <div class='ocr_carea' id='block_1_4' title="bbox 470 3653 1979 4154">
    <p class='ocr_par' dir='ltr' id='par_1_4' title="bbox 470 3653 1979 4154">
     <span class='ocr_line' id='line_1_24' title="bbox 470 3653 1979 3763; baseline -0.003 -27"><span class='ocrx_word' id='word_1_243' title='bbox 470 3660 740 3763; x_wconf 87' lang='lat' dir='ltr'><strong>procurauimus</strong></span> <span class='ocrx_word' id='word_1_244' title='bbox 758 3697 768 3718; x_wconf 93' lang='lat'><strong>·</strong></span> <span class='ocrx_word' id='word_1_245' title='bbox 787 3657 870 3731; x_wconf 86' lang='lat' dir='ltr'><strong>Hiis</strong></span> <span class='ocrx_word' id='word_1_246' title='bbox 886 3658 1030 3732; x_wconf 86' lang='lat' dir='ltr'><strong>testibus</strong></span> <span class='ocrx_word' id='word_1_247' title='bbox 1052 3656 1195 3731; x_wconf 92' lang='lat' dir='ltr'><strong>domino</strong></span> <span class='ocrx_word' id='word_1_248' title='bbox 1217 3655 1378 3730; x_wconf 87' lang='lat' dir='ltr'><strong>Roberto</strong></span> <span class='ocrx_word' id='word_1_249' title='bbox 1399 3653 1457 3728; x_wconf 88' lang='lat' dir='ltr'><strong>dei</strong></span> <span class='ocrx_word' id='word_1_250' title='bbox 1476 3654 1592 3754; x_wconf 81' lang='lat' dir='ltr'><strong>gratia</strong></span> <span class='ocrx_word' id='word_1_251' title='bbox 1611 3655 1774 3756; x_wconf 89' lang='lat' dir='ltr'><strong>episcopo</strong></span> <span class='ocrx_word' id='word_1_252' title='bbox 1792 3655 1979 3732; x_wconf 91' lang='lat' dir='ltr'><strong>Dunblan·</strong></span> 
     </span>
     <span class='ocr_line' id='line_1_25' title="bbox 470 3784 1978 3872; baseline -0.003 -5"><span class='ocrx_word' id='word_1_253' title='bbox 470 3795 540 3868; x_wconf 86' lang='lat' dir='ltr'><strong>ensi</strong></span> <span class='ocrx_word' id='word_1_254' title='bbox 567 3833 577 3852; x_wconf 90' lang='lat'><strong>·</strong></span> <span class='ocrx_word' id='word_1_255' title='bbox 604 3817 743 3866; x_wconf 88' lang='lat' dir='ltr'><strong>necnon</strong></span> <span class='ocrx_word' id='word_1_256' title='bbox 762 3787 940 3865; x_wconf 89' lang='lat' dir='ltr'><strong>Willelmo</strong></span> <span class='ocrx_word' id='word_1_257' title='bbox 963 3790 1009 3866; x_wconf 89' lang='lat' dir='ltr'><strong>de</strong></span> <span class='ocrx_word' id='word_1_258' title='bbox 1033 3788 1199 3872; x_wconf 71' lang='lat' dir='ltr'><strong>(Ilorauia</strong></span> <span class='ocrx_word' id='word_1_259' title='bbox 1222 3786 1363 3862; x_wconf 90' lang='lat' dir='ltr'><strong>milite·</strong></span> <span class='ocrx_word' id='word_1_260' title='bbox 1390 3784 1543 3862; x_wconf 82' lang='lat' dir='ltr'><strong>Oristino</strong></span> <span class='ocrx_word' id='word_1_261' title='bbox 1566 3785 1612 3862; x_wconf 89' lang='lat' dir='ltr'><strong>dc</strong></span> <span class='ocrx_word' id='word_1_262' title='bbox 1634 3785 1754 3862; x_wconf 84' lang='lat' dir='ltr'><strong>Insula</strong></span> <span class='ocrx_word' id='word_1_263' title='bbox 1781 3801 1868 3863; x_wconf 93' lang='lat' dir='ltr'><strong>tunc</strong></span> <span class='ocrx_word' id='word_1_264' title='bbox 1890 3790 1978 3864; x_wconf 86' lang='lat' dir='ltr'><strong>vice-</strong></span> 
     </span>
     <span class='ocr_line' id='line_1_26' title="bbox 471 3915 1978 4000; baseline -0.005 0"><span class='ocrx_word' id='word_1_265' title='bbox 471 3923 599 4000; x_wconf 90' lang='lat' dir='ltr'><strong>comite</strong></span> <span class='ocrx_word' id='word_1_266' title='bbox 616 3923 661 3996; x_wconf 93' lang='lat' dir='ltr'><strong>de</strong></span> <span class='ocrx_word' id='word_1_267' title='bbox 677 3921 789 3998; x_wconf 88' lang='lat' dir='ltr'><strong>Perth</strong></span> <span class='ocrx_word' id='word_1_268' title='bbox 814 3963 824 3980; x_wconf 93' lang='lat'><strong>·</strong></span> <span class='ocrx_word' id='word_1_269' title='bbox 850 3919 1015 3996; x_wconf 88' lang='lat' dir='ltr'><strong>Johannc</strong></span> <span class='ocrx_word' id='word_1_270' title='bbox 1032 3919 1156 3994; x_wconf 87' lang='lat' dir='ltr'><strong>Abbot</strong></span> <span class='ocrx_word' id='word_1_271' title='bbox 1178 3961 1187 3978; x_wconf 91' lang='lat'><strong>·</strong></span> <span class='ocrx_word' id='word_1_272' title='bbox 1206 3917 1348 3994; x_wconf 86' lang='lat' dir='ltr'><strong>Thoma</strong></span> <span class='ocrx_word' id='word_1_273' title='bbox 1364 3917 1410 3993; x_wconf 88' lang='lat' dir='ltr'><strong>de</strong></span> <span class='ocrx_word' id='word_1_274' title='bbox 1428 3915 1547 3991; x_wconf 86' lang='lat' dir='ltr'><strong>Insula</strong></span> <span class='ocrx_word' id='word_1_275' title='bbox 1563 3957 1573 3976; x_wconf 93' lang='lat'><strong>·</strong></span> <span class='ocrx_word' id='word_1_276' title='bbox 1591 3917 1758 3993; x_wconf 89' lang='lat' dir='ltr'><strong>Johanne</strong></span> <span class='ocrx_word' id='word_1_277' title='bbox 1776 3917 1822 3993; x_wconf 91' lang='lat' dir='ltr'><strong>de</strong></span> <span class='ocrx_word' id='word_1_278' title='bbox 1839 3919 1951 3994; x_wconf 86' lang='lat' dir='ltr'><strong>Perth</strong></span> <span class='ocrx_word' id='word_1_279' title='bbox 1970 3963 1978 3980; x_wconf 93' lang='lat'><strong>·</strong></span> 
     </span>
     <span class='ocr_line' id='line_1_27' title="bbox 471 4047 1979 4154; baseline -0.003 -25"><span class='ocrx_word' id='word_1_280' title='bbox 471 4053 650 4129; x_wconf 89' lang='lat' dir='ltr'><strong>Willelmo</strong></span> <span class='ocrx_word' id='word_1_281' title='bbox 663 4053 734 4128; x_wconf 83' lang='lat' dir='ltr'><strong>filio</strong></span> <span class='ocrx_word' id='word_1_282' title='bbox 740 4051 915 4154; x_wconf 80' lang='lat' dir='ltr'><strong>Wymarlr</strong></span> <span class='ocrx_word' id='word_1_283' title='bbox 928 4093 938 4114; x_wconf 88' lang='lat'><strong>·</strong></span> <span class='ocrx_word' id='word_1_284' title='bbox 949 4051 974 4125; x_wconf 88' lang='lat' dir='ltr'>J</span> <span class='ocrx_word' id='word_1_285' title='bbox 976 4051 1116 4127; x_wconf 88' lang='lat' dir='ltr'><strong>ohanne</strong></span> <span class='ocrx_word' id='word_1_286' title='bbox 1130 4049 1204 4125; x_wconf 92' lang='lat' dir='ltr'><strong>filio</strong></span> <span class='ocrx_word' id='word_1_287' title='bbox 1217 4048 1364 4125; x_wconf 87' lang='lat' dir='ltr'><strong>Ricardi</strong></span> <span class='ocrx_word' id='word_1_288' title='bbox 1376 4047 1515 4124; x_wconf 88' lang='lat' dir='ltr'><strong>balliuis</strong></span> <span class='ocrx_word' id='word_1_289' title='bbox 1528 4062 1614 4125; x_wconf 86' lang='lat' dir='ltr'><strong>tunc</strong></span> <span class='ocrx_word' id='word_1_290' title='bbox 1626 4050 1797 4151; x_wconf 89' lang='lat' dir='ltr'><strong>temporis</strong></span> <span class='ocrx_word' id='word_1_291' title='bbox 1809 4049 1855 4126; x_wconf 89' lang='lat' dir='ltr'><strong>dc</strong></span> <span class='ocrx_word' id='word_1_292' title='bbox 1869 4049 1979 4127; x_wconf 86' lang='lat' dir='ltr'><strong>Parth</strong></span> 
     </span>
    </p>
   </div>
   <div class='ocr_carea' id='block_1_5' title="bbox 474 4184 767 4287">
    <p class='ocr_par' dir='ltr' id='par_1_5' title="bbox 474 4184 767 4287">
     <span class='ocr_line' id='line_1_28' title="bbox 474 4184 767 4287; baseline -0.014 -23"><span class='ocrx_word' id='word_1_293' title='bbox 474 4203 511 4264; x_wconf 87' lang='lat' dir='ltr'><strong>et</strong></span> <span class='ocrx_word' id='word_1_294' title='bbox 529 4185 649 4262; x_wconf 85' lang='lat' dir='ltr'><strong>multis</strong></span> <span class='ocrx_word' id='word_1_295' title='bbox 666 4184 767 4287; x_wconf 84' lang='lat' dir='ltr'><strong>alijs·</strong></span> 
     </span>
    </p>
   </div>
   <div class='ocr_carea' id='block_1_6' title="bbox 0 0 2243 6034">
    <p class='ocr_par' dir='ltr' id='par_1_6' title="bbox 0 0 2243 6034">
     <span class='ocr_line' id='line_1_29' title="bbox 0 0 2243 6034; baseline 0 0"><span class='ocrx_word' id='word_1_296' title='bbox 0 0 2243 6034; x_wconf 95' lang='lat' dir='ltr'><strong> </strong></span> 
     </span>
    </p>
   </div>
  </div>
 </body>
</html>
