<?xml version="1.0" encoding="UTF-8"?>
<!DOCTYPE html PUBLIC "-//W3C//DTD XHTML 1.0 Transitional//EN"
    "http://www.w3.org/TR/xhtml1/DTD/xhtml1-transitional.dtd">
<html xmlns="http://www.w3.org/1999/xhtml" xml:lang="en" lang="en">
 <head>
  <title>
</title>
<meta http-equiv="Content-Type" content="text/html;charset=utf-8" />
  <meta name='ocr-system' content='tesseract 3.04.00' />
  <meta name='ocr-capabilities' content='ocr_page ocr_carea ocr_par ocr_line ocrx_word'/>
</head>
<body>
  <div class='ocr_page' id='page_1' title='image "./liberinsulemiss01innegoog_0085.png"; bbox 0 0 4450 6034; ppageno 0'>
   <div class='ocr_carea' id='block_1_1' title="bbox 729 581 1742 671">
    <p class='ocr_par' dir='ltr' id='par_1_1' title="bbox 729 581 1742 671">
     <span class='ocr_line' id='line_1_1' title="bbox 729 581 1742 671; baseline -0.005 -11"><span class='ocrx_word' id='word_1_1' title='bbox 729 585 808 660; x_wconf 87' lang='lat' dir='ltr'>DE</span> <span class='ocrx_word' id='word_1_2' title='bbox 842 581 1242 662; x_wconf 81' lang='lat' dir='ltr'><strong>INOHAFFERY.</strong></span> <span class='ocrx_word' id='word_1_3' title='bbox 1722 590 1742 671; x_wconf 77' lang='grc'>7</span> 
     </span>
    </p>
   </div>
   <div class='ocr_carea' id='block_1_2' title="bbox 228 931 1743 1457">
    <p class='ocr_par' dir='ltr' id='par_1_2' title="bbox 228 931 1743 1457">
     <span class='ocr_line' id='line_1_2' title="bbox 231 931 1743 1054; baseline -0.004 -22"><span class='ocrx_word' id='word_1_4' title='bbox 231 931 356 1032; x_wconf 69' lang='lat' dir='ltr'>dara</span> <span class='ocrx_word' id='word_1_5' title='bbox 376 968 551 1031; x_wconf 64' lang='lat' dir='ltr'>arrarum</span> <span class='ocrx_word' id='word_1_6' title='bbox 572 953 737 1030; x_wconf 68' lang='lat' dir='ltr'>neenec</span> <span class='ocrx_word' id='word_1_7' title='bbox 759 954 806 1030; x_wconf 69' lang='lat' dir='ltr'>ns</span> <span class='ocrx_word' id='word_1_8' title='bbox 825 951 990 1030; x_wconf 65' lang='lat' dir='ltr'>Aeuom</span> <span class='ocrx_word' id='word_1_9' title='bbox 1012 994 1020 1013; x_wconf 84' lang='lat'>-</span> <span class='ocrx_word' id='word_1_10' title='bbox 1044 951 1228 1052; x_wconf 61' lang='lat' dir='ltr'>Aruerno</span> <span class='ocrx_word' id='word_1_11' title='bbox 1255 989 1263 1012; x_wconf 84' lang='lat'><strong>·</strong></span> <span class='ocrx_word' id='word_1_12' title='bbox 1294 951 1473 1054; x_wconf 64' lang='lat' dir='ltr'>maulay</span> <span class='ocrx_word' id='word_1_13' title='bbox 1496 993 1504 1013; x_wconf 85' lang='lat'><strong>.</strong></span> <span class='ocrx_word' id='word_1_14' title='bbox 1529 949 1743 1026; x_wconf 68' lang='lat' dir='ltr'>nunno·</span> 
     </span>
     <span class='ocr_line' id='line_1_3' title="bbox 228 1084 1742 1192; baseline -0.005 -26"><span class='ocrx_word' id='word_1_15' title='bbox 228 1088 397 1192; x_wconf 86' lang='lat' dir='ltr'>Balfoyer</span> <span class='ocrx_word' id='word_1_16' title='bbox 414 1126 425 1150; x_wconf 85' lang='lat'><strong>·</strong></span> <span class='ocrx_word' id='word_1_17' title='bbox 443 1087 629 1190; x_wconf 81' lang='lat' dir='ltr'>Balgilhen</span> <span class='ocrx_word' id='word_1_18' title='bbox 651 1129 660 1148; x_wconf 88' lang='lat'><strong>·</strong></span> <span class='ocrx_word' id='word_1_19' title='bbox 682 1085 797 1163; x_wconf 89' lang='lat' dir='ltr'>tribus</span> <span class='ocrx_word' id='word_1_20' title='bbox 812 1087 903 1163; x_wconf 85' lang='lat' dir='ltr'>acris</span> <span class='ocrx_word' id='word_1_21' title='bbox 919 1086 1092 1189; x_wconf 80' lang='lat' dir='ltr'>proximis</span> <span class='ocrx_word' id='word_1_22' title='bbox 1108 1086 1255 1160; x_wconf 83' lang='lat' dir='ltr'>marolio</span> <span class='ocrx_word' id='word_1_23' title='bbox 1272 1087 1318 1160; x_wconf 90' lang='lat' dir='ltr'>de</span> <span class='ocrx_word' id='word_1_24' title='bbox 1336 1084 1458 1160; x_wconf 86' lang='lat' dir='ltr'>Foulis</span> <span class='ocrx_word' id='word_1_25' title='bbox 1478 1125 1486 1146; x_wconf 91' lang='lat'><strong>·</strong></span> <span class='ocrx_word' id='word_1_26' title='bbox 1506 1084 1715 1162; x_wconf 87' lang='lat' dir='ltr'>Ruchalach</span> <span class='ocrx_word' id='word_1_27' title='bbox 1733 1125 1742 1144; x_wconf 92' lang='lat'><strong>·</strong></span> 
     </span>
     <span class='ocr_line' id='line_1_4' title="bbox 228 1217 1743 1321; baseline -0.004 -25"><span class='ocrx_word' id='word_1_28' title='bbox 228 1223 324 1299; x_wconf 80' lang='lat' dir='ltr'>Item</span> <span class='ocrx_word' id='word_1_29' title='bbox 354 1221 402 1298; x_wconf 91' lang='lat' dir='ltr'>de</span> <span class='ocrx_word' id='word_1_30' title='bbox 431 1219 582 1298; x_wconf 76' lang='lat' dir='ltr'>ecclesiis</span> <span class='ocrx_word' id='word_1_31' title='bbox 608 1221 655 1296; x_wconf 93' lang='lat' dir='ltr'>de</span> <span class='ocrx_word' id='word_1_32' title='bbox 683 1219 889 1321; x_wconf 82' lang='lat' dir='ltr'>Strogeth·</span> <span class='ocrx_word' id='word_1_33' title='bbox 920 1221 1061 1320; x_wconf 70' lang='lat' dir='ltr'>Dunyn</span> <span class='ocrx_word' id='word_1_34' title='bbox 1090 1259 1099 1278; x_wconf 90' lang='lat'><strong>·</strong></span> <span class='ocrx_word' id='word_1_35' title='bbox 1127 1217 1342 1296; x_wconf 87' lang='lat' dir='ltr'>Abrothuen</span> <span class='ocrx_word' id='word_1_36' title='bbox 1371 1261 1380 1282; x_wconf 92' lang='lat'><strong>·</strong></span> <span class='ocrx_word' id='word_1_37' title='bbox 1410 1217 1743 1296; x_wconf 86' lang='lat' dir='ltr'>Ouchtirhardore·</span> 
     </span>
     <span class='ocr_line' id='line_1_5' title="bbox 230 1351 1321 1457; baseline 0 -29"><span class='ocrx_word' id='word_1_38' title='bbox 230 1354 391 1457; x_wconf 79' lang='lat' dir='ltr'>Kynlrell</span> <span class='ocrx_word' id='word_1_39' title='bbox 408 1395 419 1416; x_wconf 88' lang='lat'><strong>·</strong></span> <span class='ocrx_word' id='word_1_40' title='bbox 437 1353 569 1430; x_wconf 83' lang='lat' dir='ltr'>Fowlis</span> <span class='ocrx_word' id='word_1_41' title='bbox 587 1397 596 1414; x_wconf 93' lang='lat'><strong>·</strong></span> <span class='ocrx_word' id='word_1_42' title='bbox 613 1353 786 1454; x_wconf 67' lang='lat' dir='ltr'>madirdy</span> <span class='ocrx_word' id='word_1_43' title='bbox 803 1390 813 1415; x_wconf 89' lang='lat'><strong>·</strong></span> <span class='ocrx_word' id='word_1_44' title='bbox 832 1353 1060 1456; x_wconf 63' lang='lat' dir='ltr'>&amp;loyheuard</span> <span class='ocrx_word' id='word_1_45' title='bbox 1077 1395 1086 1414; x_wconf 92' lang='lat'><strong>·</strong></span> <span class='ocrx_word' id='word_1_46' title='bbox 1106 1351 1293 1453; x_wconf 85' lang='lat' dir='ltr'>Kylbryde</span> <span class='ocrx_word' id='word_1_47' title='bbox 1311 1391 1321 1412; x_wconf 89' lang='lat'><strong>·</strong></span> 
     </span>
    </p>
   </div>
   <div class='ocr_carea' id='block_1_3' title="bbox 108 1597 1891 4642">
    <p class='ocr_par' dir='ltr' id='par_1_3' title="bbox 190 1597 1891 3582">
     <span class='ocr_line' id='line_1_6' title="bbox 190 1597 1739 1700; baseline -0.001 -5"><span class='ocrx_word' id='word_1_48' title='bbox 190 1597 428 1700; x_wconf 76' lang='lat' dir='ltr'>SUniverlis</span> <span class='ocrx_word' id='word_1_49' title='bbox 462 1625 579 1700; x_wconf 73' lang='lat' dir='ltr'>sance</span> <span class='ocrx_word' id='word_1_50' title='bbox 608 1621 733 1699; x_wconf 88' lang='lat' dir='ltr'>matris</span> <span class='ocrx_word' id='word_1_51' title='bbox 764 1623 905 1699; x_wconf 84' lang='lat' dir='ltr'>ecclelie</span> <span class='ocrx_word' id='word_1_52' title='bbox 930 1621 1013 1697; x_wconf 85' lang='lat' dir='ltr'>filiis</span> <span class='ocrx_word' id='word_1_53' title='bbox 1045 1638 1083 1699; x_wconf 89' lang='lat' dir='ltr'>et</span> <span class='ocrx_word' id='word_1_54' title='bbox 1115 1619 1281 1698; x_wconf 85' lang='lat' dir='ltr'>fidelibus</span> <span class='ocrx_word' id='word_1_55' title='bbox 1315 1619 1502 1698; x_wconf 83' lang='lat' dir='ltr'>Gilbertus</span> <span class='ocrx_word' id='word_1_56' title='bbox 1539 1647 1659 1697; x_wconf 88' lang='lat' dir='ltr'>comes</span> <span class='ocrx_word' id='word_1_57' title='bbox 1693 1620 1739 1695; x_wconf 90' lang='lat' dir='ltr'>de</span> 
     </span>
     <span class='ocr_line' id='line_1_7' title="bbox 230 1756 1742 1860; baseline -0.002 -25"><span class='ocrx_word' id='word_1_58' title='bbox 230 1757 443 1860; x_wconf 82' lang='lat' dir='ltr'>Stratheryn</span> <span class='ocrx_word' id='word_1_59' title='bbox 454 1757 603 1834; x_wconf 83' lang='lat' dir='ltr'>salutem</span> <span class='ocrx_word' id='word_1_60' title='bbox 613 1798 623 1819; x_wconf 88' lang='lat'><strong>·</strong></span> <span class='ocrx_word' id='word_1_61' title='bbox 634 1757 787 1834; x_wconf 83' lang='lat' dir='ltr'><strong>Noverit</strong></span> <span class='ocrx_word' id='word_1_62' title='bbox 799 1759 1005 1834; x_wconf 80' lang='lat' dir='ltr'>vainei-litas</span> <span class='ocrx_word' id='word_1_63' title='bbox 1017 1758 1132 1834; x_wconf 88' lang='lat' dir='ltr'>vestra</span> <span class='ocrx_word' id='word_1_64' title='bbox 1147 1785 1206 1834; x_wconf 88' lang='lat' dir='ltr'>me</span> <span class='ocrx_word' id='word_1_65' title='bbox 1222 1757 1401 1858; x_wconf 85' lang='lat' dir='ltr'>quandam</span> <span class='ocrx_word' id='word_1_66' title='bbox 1418 1756 1566 1833; x_wconf 90' lang='lat' dir='ltr'>domum</span> <span class='ocrx_word' id='word_1_67' title='bbox 1583 1756 1742 1832; x_wconf 83' lang='lat' dir='ltr'>sundall‘e</span> 
     </span>
     <span class='ocr_line' id='line_1_8' title="bbox 230 1888 1740 1992; baseline -0.001 -26"><span class='ocrx_word' id='word_1_68' title='bbox 230 1892 267 1966; x_wconf 93' lang='lat' dir='ltr'>in</span> <span class='ocrx_word' id='word_1_69' title='bbox 289 1891 462 1968; x_wconf 87' lang='lat' dir='ltr'>honorem</span> <span class='ocrx_word' id='word_1_70' title='bbox 484 1889 558 1967; x_wconf 90' lang='lat' dir='ltr'>Dei</span> <span class='ocrx_word' id='word_1_71' title='bbox 583 1906 621 1967; x_wconf 91' lang='lat' dir='ltr'>et</span> <span class='ocrx_word' id='word_1_72' title='bbox 639 1890 754 1967; x_wconf 74' lang='lat' dir='ltr'>sancte</span> <span class='ocrx_word' id='word_1_73' title='bbox 776 1890 893 1972; x_wconf 67' lang='lat' dir='ltr'>utaris</span> <span class='ocrx_word' id='word_1_74' title='bbox 914 1891 1080 1969; x_wconf 74' lang='lat' dir='ltr'>otiandi</span> <span class='ocrx_word' id='word_1_75' title='bbox 1100 1889 1279 1967; x_wconf 88' lang='lat' dir='ltr'>Johannis</span> <span class='ocrx_word' id='word_1_76' title='bbox 1301 1888 1448 1992; x_wconf 88' lang='lat' dir='ltr'>apostoli</span> <span class='ocrx_word' id='word_1_77' title='bbox 1464 1904 1501 1965; x_wconf 88' lang='lat' dir='ltr'>et</span> <span class='ocrx_word' id='word_1_78' title='bbox 1518 1889 1740 1990; x_wconf 82' lang='lat' dir='ltr'>ewangeliste</span> 
     </span>
     <span class='ocr_line' id='line_1_9' title="bbox 228 2017 1741 2125; baseline -0.004 -27"><span class='ocrx_word' id='word_1_79' title='bbox 228 2025 266 2098; x_wconf 90' lang='lat' dir='ltr'>in</span> <span class='ocrx_word' id='word_1_80' title='bbox 282 2039 380 2100; x_wconf 83' lang='lat' dir='ltr'>terra</span> <span class='ocrx_word' id='word_1_81' title='bbox 395 2051 476 2100; x_wconf 84' lang='lat' dir='ltr'>mea</span> <span class='ocrx_word' id='word_1_82' title='bbox 491 2025 589 2125; x_wconf 88' lang='lat' dir='ltr'>apud</span> <span class='ocrx_word' id='word_1_83' title='bbox 607 2023 831 2099; x_wconf 84' lang='lat' dir='ltr'>Inchafferen</span> <span class='ocrx_word' id='word_1_84' title='bbox 847 2023 968 2123; x_wconf 84' lang='lat' dir='ltr'>ibique</span> <span class='ocrx_word' id='word_1_85' title='bbox 985 2021 1174 2098; x_wconf 85' lang='lat' dir='ltr'>canonicos</span> <span class='ocrx_word' id='word_1_86' title='bbox 1190 2019 1370 2122; x_wconf 83' lang='lat' dir='ltr'>regulares</span> <span class='ocrx_word' id='word_1_87' title='bbox 1386 2017 1532 2121; x_wconf 79' lang='lat' dir='ltr'>posuiffe</span> <span class='ocrx_word' id='word_1_88' title='bbox 1551 2059 1560 2080; x_wconf 86' lang='lat'><strong>·</strong></span> <span class='ocrx_word' id='word_1_89' title='bbox 1577 2019 1623 2093; x_wconf 87' lang='lat' dir='ltr'>ad</span> <span class='ocrx_word' id='word_1_90' title='bbox 1640 2021 1741 2119; x_wconf 90' lang='lat' dir='ltr'>cujus</span> 
     </span>
     <span class='ocr_line' id='line_1_10' title="bbox 228 2151 1741 2234; baseline -0.005 -1"><span class='ocrx_word' id='word_1_91' title='bbox 228 2157 358 2234; x_wconf 87' lang='lat' dir='ltr'>domus</span> <span class='ocrx_word' id='word_1_92' title='bbox 384 2156 632 2233; x_wconf 79' lang='lat' dir='ltr'>fundationem</span> <span class='ocrx_word' id='word_1_93' title='bbox 656 2170 694 2232; x_wconf 84' lang='lat' dir='ltr'>ct</span> <span class='ocrx_word' id='word_1_94' title='bbox 721 2155 973 2232; x_wconf 85' lang='lat' dir='ltr'>canonicorum</span> <span class='ocrx_word' id='word_1_95' title='bbox 1000 2153 1288 2230; x_wconf 80' lang='lat' dir='ltr'>sustentationem</span> <span class='ocrx_word' id='word_1_96' title='bbox 1317 2153 1431 2228; x_wconf 86' lang='lat' dir='ltr'>sciatis</span> <span class='ocrx_word' id='word_1_97' title='bbox 1459 2177 1518 2227; x_wconf 89' lang='lat' dir='ltr'>me</span> <span class='ocrx_word' id='word_1_98' title='bbox 1549 2151 1679 2227; x_wconf 82' lang='lat' dir='ltr'>dediffe</span> <span class='ocrx_word' id='word_1_99' title='bbox 1704 2165 1741 2226; x_wconf 85' lang='lat' dir='ltr'>et</span> 
     </span>
     <span class='ocr_line' id='line_1_11' title="bbox 227 2282 1743 2367; baseline -0.005 -1"><span class='ocrx_word' id='word_1_100' title='bbox 227 2289 423 2367; x_wconf 78' lang='lat' dir='ltr'>concellifl‘e</span> <span class='ocrx_word' id='word_1_101' title='bbox 438 2303 476 2366; x_wconf 91' lang='lat' dir='ltr'>et</span> <span class='ocrx_word' id='word_1_102' title='bbox 492 2289 560 2365; x_wconf 86' lang='lat' dir='ltr'>hac</span> <span class='ocrx_word' id='word_1_103' title='bbox 576 2304 675 2366; x_wconf 85' lang='lat' dir='ltr'>carta</span> <span class='ocrx_word' id='word_1_104' title='bbox 690 2307 772 2365; x_wconf 85' lang='lat' dir='ltr'>mea</span> <span class='ocrx_word' id='word_1_105' title='bbox 788 2287 1006 2365; x_wconf 70' lang='lat' dir='ltr'>confirmate</span> <span class='ocrx_word' id='word_1_106' title='bbox 1022 2284 1203 2363; x_wconf 85' lang='lat' dir='ltr'>canonicis</span> <span class='ocrx_word' id='word_1_107' title='bbox 1220 2283 1352 2361; x_wconf 85' lang='lat' dir='ltr'>ibidem</span> <span class='ocrx_word' id='word_1_108' title='bbox 1363 2282 1447 2360; x_wconf 93' lang='lat' dir='ltr'>Deo</span> <span class='ocrx_word' id='word_1_109' title='bbox 1457 2282 1689 2360; x_wconf 85' lang='lat' dir='ltr'>servientibus</span> <span class='ocrx_word' id='word_1_110' title='bbox 1706 2297 1743 2358; x_wconf 89' lang='lat' dir='ltr'>et</span> 
     </span>
     <span class='ocr_line' id='line_1_12' title="bbox 227 2415 1741 2520; baseline -0.003 -22"><span class='ocrx_word' id='word_1_111' title='bbox 227 2424 405 2500; x_wconf 76' lang='lat' dir='ltr'>servituris</span> <span class='ocrx_word' id='word_1_112' title='bbox 430 2421 709 2498; x_wconf 85' lang='lat' dir='ltr'>Achadlunrech</span> <span class='ocrx_word' id='word_1_113' title='bbox 733 2436 772 2500; x_wconf 90' lang='lat' dir='ltr'>et</span> <span class='ocrx_word' id='word_1_114' title='bbox 787 2421 962 2497; x_wconf 83' lang='lat' dir='ltr'>Ardewin</span> <span class='ocrx_word' id='word_1_115' title='bbox 979 2436 1016 2497; x_wconf 89' lang='lat' dir='ltr'>et</span> <span class='ocrx_word' id='word_1_116' title='bbox 1032 2419 1209 2520; x_wconf 85' lang='lat' dir='ltr'>Ardbany</span> <span class='ocrx_word' id='word_1_117' title='bbox 1225 2432 1263 2493; x_wconf 86' lang='lat' dir='ltr'>et</span> <span class='ocrx_word' id='word_1_118' title='bbox 1279 2415 1483 2518; x_wconf 84' lang='lat' dir='ltr'>Doffyndre</span> <span class='ocrx_word' id='word_1_119' title='bbox 1499 2431 1537 2492; x_wconf 89' lang='lat' dir='ltr'>et</span> <span class='ocrx_word' id='word_1_120' title='bbox 1552 2415 1679 2492; x_wconf 86' lang='lat' dir='ltr'>Balfur</span> <span class='ocrx_word' id='word_1_121' title='bbox 1704 2431 1741 2493; x_wconf 88' lang='lat' dir='ltr'>et</span> 
     </span>
     <span class='ocr_line' id='line_1_13' title="bbox 227 2549 1740 2656; baseline -0.003 -28"><span class='ocrx_word' id='word_1_122' title='bbox 227 2553 513 2656; x_wconf 84' lang='lat' dir='ltr'>Balmakgillone</span> <span class='ocrx_word' id='word_1_123' title='bbox 533 2570 571 2631; x_wconf 87' lang='lat' dir='ltr'>et</span> <span class='ocrx_word' id='word_1_124' title='bbox 591 2569 664 2632; x_wconf 91' lang='lat' dir='ltr'>trcs</span> <span class='ocrx_word' id='word_1_125' title='bbox 684 2581 785 2630; x_wconf 89' lang='lat' dir='ltr'>acras</span> <span class='ocrx_word' id='word_1_126' title='bbox 806 2568 901 2630; x_wconf 89' lang='lat' dir='ltr'>terre</span> <span class='ocrx_word' id='word_1_127' title='bbox 920 2551 1014 2627; x_wconf 90' lang='lat' dir='ltr'>illius</span> <span class='ocrx_word' id='word_1_128' title='bbox 1034 2579 1104 2652; x_wconf 87' lang='lat' dir='ltr'>que</span> <span class='ocrx_word' id='word_1_129' title='bbox 1125 2549 1289 2651; x_wconf 85' lang='lat' dir='ltr'>proxima</span> <span class='ocrx_word' id='word_1_130' title='bbox 1311 2551 1361 2625; x_wconf 87' lang='lat' dir='ltr'>est</span> <span class='ocrx_word' id='word_1_131' title='bbox 1382 2549 1528 2625; x_wconf 88' lang='lat' dir='ltr'>marisco</span> <span class='ocrx_word' id='word_1_132' title='bbox 1546 2550 1591 2626; x_wconf 89' lang='lat' dir='ltr'>de</span> <span class='ocrx_word' id='word_1_133' title='bbox 1608 2549 1740 2625; x_wconf 86' lang='lat' dir='ltr'>Fowlis</span> 
     </span>
     <span class='ocr_line' id='line_1_14' title="bbox 226 2680 1741 2788; baseline -0.003 -27"><span class='ocrx_word' id='word_1_134' title='bbox 226 2689 344 2763; x_wconf 81' lang='lat' dir='ltr'>versus</span> <span class='ocrx_word' id='word_1_135' title='bbox 373 2685 578 2788; x_wconf 78' lang='lat' dir='ltr'>aquilonem</span> <span class='ocrx_word' id='word_1_136' title='bbox 606 2703 644 2762; x_wconf 88' lang='lat' dir='ltr'>et</span> <span class='ocrx_word' id='word_1_137' title='bbox 671 2685 792 2762; x_wconf 86' lang='lat' dir='ltr'>villam</span> <span class='ocrx_word' id='word_1_138' title='bbox 821 2713 892 2787; x_wconf 92' lang='lat' dir='ltr'>que</span> <span class='ocrx_word' id='word_1_139' title='bbox 921 2685 1053 2760; x_wconf 87' lang='lat' dir='ltr'>dicitur</span> <span class='ocrx_word' id='word_1_140' title='bbox 1080 2680 1317 2759; x_wconf 82' lang='lat' dir='ltr'>Runohulach</span> <span class='ocrx_word' id='word_1_141' title='bbox 1346 2707 1454 2781; x_wconf 86' lang='lat' dir='ltr'>quam</span> <span class='ocrx_word' id='word_1_142' title='bbox 1480 2680 1565 2757; x_wconf 93' lang='lat' dir='ltr'>dedi</span> <span class='ocrx_word' id='word_1_143' title='bbox 1594 2682 1646 2756; x_wconf 90' lang='lat' dir='ltr'>eis</span> <span class='ocrx_word' id='word_1_144' title='bbox 1675 2707 1741 2783; x_wconf 89' lang='lat' dir='ltr'>pro</span> 
     </span>
     <span class='ocr_line' id='line_1_15' title="bbox 227 2811 1741 2920; baseline -0.006 -25"><span class='ocrx_word' id='word_1_145' title='bbox 227 2819 377 2895; x_wconf 82' lang='lat' dir='ltr'>decimis</span> <span class='ocrx_word' id='word_1_146' title='bbox 410 2821 592 2895; x_wconf 90' lang='lat' dir='ltr'>lucrorum</span> <span class='ocrx_word' id='word_1_147' title='bbox 624 2845 787 2895; x_wconf 87' lang='lat' dir='ltr'>meorum</span> <span class='ocrx_word' id='word_1_148' title='bbox 816 2845 886 2920; x_wconf 88' lang='lat' dir='ltr'>qne</span> <span class='ocrx_word' id='word_1_149' title='bbox 914 2817 1126 2920; x_wconf 85' lang='lat' dir='ltr'>proveniant</span> <span class='ocrx_word' id='word_1_150' title='bbox 1154 2814 1263 2890; x_wconf 90' lang='lat' dir='ltr'>michi</span> <span class='ocrx_word' id='word_1_151' title='bbox 1292 2830 1330 2889; x_wconf 89' lang='lat' dir='ltr'>et</span> <span class='ocrx_word' id='word_1_152' title='bbox 1358 2812 1550 2888; x_wconf 89' lang='lat' dir='ltr'>heredibus</span> <span class='ocrx_word' id='word_1_153' title='bbox 1578 2812 1667 2888; x_wconf 86' lang='lat' dir='ltr'>mois</span> <span class='ocrx_word' id='word_1_154' title='bbox 1696 2811 1741 2886; x_wconf 89' lang='lat' dir='ltr'>de</span> 
     </span>
     <span class='ocr_line' id='line_1_16' title="bbox 227 2943 1743 3054; baseline -0.005 -26"><span class='ocrx_word' id='word_1_155' title='bbox 227 2951 367 3054; x_wconf 86' lang='lat' dir='ltr'>placitis</span> <span class='ocrx_word' id='word_1_156' title='bbox 400 2966 438 3026; x_wconf 91' lang='lat' dir='ltr'>et</span> <span class='ocrx_word' id='word_1_157' title='bbox 471 2951 624 3051; x_wconf 81' lang='lat' dir='ltr'>querelis</span> <span class='ocrx_word' id='word_1_158' title='bbox 658 2950 704 3026; x_wconf 92' lang='lat' dir='ltr'>de</span> <span class='ocrx_word' id='word_1_159' title='bbox 738 2949 913 3026; x_wconf 90' lang='lat' dir='ltr'>comitatu</span> <span class='ocrx_word' id='word_1_160' title='bbox 944 2975 1026 3025; x_wconf 92' lang='lat' dir='ltr'>meo</span> <span class='ocrx_word' id='word_1_161' title='bbox 1056 2987 1066 3008; x_wconf 90' lang='lat'><strong>·</strong></span> <span class='ocrx_word' id='word_1_162' title='bbox 1103 2947 1150 3024; x_wconf 92' lang='lat' dir='ltr'>de</span> <span class='ocrx_word' id='word_1_163' title='bbox 1183 2947 1290 3022; x_wconf 90' lang='lat' dir='ltr'>lucris</span> <span class='ocrx_word' id='word_1_164' title='bbox 1324 2959 1445 3022; x_wconf 86' lang='lat' dir='ltr'>autem</span> <span class='ocrx_word' id='word_1_165' title='bbox 1478 2971 1548 3044; x_wconf 89' lang='lat' dir='ltr'>que</span> <span class='ocrx_word' id='word_1_166' title='bbox 1581 2943 1670 3018; x_wconf 89' lang='lat' dir='ltr'>mihi</span> <span class='ocrx_word' id='word_1_167' title='bbox 1704 2959 1743 3020; x_wconf 90' lang='lat' dir='ltr'>et</span> 
     </span>
     <span class='ocr_line' id='line_1_17' title="bbox 227 3077 1741 3181; baseline -0.005 -22"><span class='ocrx_word' id='word_1_168' title='bbox 227 3084 420 3162; x_wconf 85' lang='lat' dir='ltr'>heredibus</span> <span class='ocrx_word' id='word_1_169' title='bbox 452 3084 541 3160; x_wconf 87' lang='lat' dir='ltr'>meis</span> <span class='ocrx_word' id='word_1_170' title='bbox 574 3081 719 3159; x_wconf 79' lang='lat' dir='ltr'>aliunde</span> <span class='ocrx_word' id='word_1_171' title='bbox 748 3083 896 3158; x_wconf 85' lang='lat' dir='ltr'>veniant</span> <span class='ocrx_word' id='word_1_172' title='bbox 924 3082 975 3157; x_wconf 89' lang='lat' dir='ltr'>eis</span> <span class='ocrx_word' id='word_1_173' title='bbox 1005 3080 1161 3156; x_wconf 88' lang='lat' dir='ltr'>decimas</span> <span class='ocrx_word' id='word_1_174' title='bbox 1191 3079 1350 3181; x_wconf 85' lang='lat' dir='ltr'>plenarie</span> <span class='ocrx_word' id='word_1_175' title='bbox 1382 3077 1622 3179; x_wconf 85' lang='lat' dir='ltr'>persoluemus</span> <span class='ocrx_word' id='word_1_176' title='bbox 1656 3117 1666 3138; x_wconf 93' lang='lat'><strong>·</strong></span> <span class='ocrx_word' id='word_1_177' title='bbox 1703 3090 1741 3153; x_wconf 84' lang='lat' dir='ltr'>et</span> 
     </span>
     <span class='ocr_line' id='line_1_18' title="bbox 226 3208 1741 3315; baseline -0.008 -21"><span class='ocrx_word' id='word_1_178' title='bbox 226 3231 369 3294; x_wconf 86' lang='lat' dir='ltr'>tantum</span> <span class='ocrx_word' id='word_1_179' title='bbox 404 3217 450 3292; x_wconf 90' lang='lat' dir='ltr'>de</span> <span class='ocrx_word' id='word_1_180' title='bbox 483 3217 628 3292; x_wconf 84' lang='lat' dir='ltr'>marolio</span> <span class='ocrx_word' id='word_1_181' title='bbox 661 3215 707 3290; x_wconf 93' lang='lat' dir='ltr'>de</span> <span class='ocrx_word' id='word_1_182' title='bbox 740 3213 872 3290; x_wconf 82' lang='lat' dir='ltr'>Fowlis</span> <span class='ocrx_word' id='word_1_183' title='bbox 909 3213 1098 3315; x_wconf 84' lang='lat' dir='ltr'>adjacente</span> <span class='ocrx_word' id='word_1_184' title='bbox 1135 3211 1383 3313; x_wconf 84' lang='lat' dir='ltr'>prenominato</span> <span class='ocrx_word' id='word_1_185' title='bbox 1421 3208 1532 3285; x_wconf 85' lang='lat' dir='ltr'>insule</span> <span class='ocrx_word' id='word_1_186' title='bbox 1564 3221 1741 3309; x_wconf 90' lang='lat' dir='ltr'>quantum</span> 
     </span>
     <span class='ocr_line' id='line_1_19' title="bbox 226 3340 1741 3428; baseline -0.007 -1"><span class='ocrx_word' id='word_1_187' title='bbox 226 3350 398 3428; x_wconf 84' lang='lat' dir='ltr'>vallatum</span> <span class='ocrx_word' id='word_1_188' title='bbox 424 3351 475 3424; x_wconf 83' lang='lat' dir='ltr'>est</span> <span class='ocrx_word' id='word_1_189' title='bbox 501 3350 547 3424; x_wconf 88' lang='lat' dir='ltr'>ab</span> <span class='ocrx_word' id='word_1_190' title='bbox 574 3348 626 3423; x_wconf 87' lang='lat' dir='ltr'>eis</span> <span class='ocrx_word' id='word_1_191' title='bbox 652 3347 775 3424; x_wconf 75' lang='lat' dir='ltr'>foll‘ato</span> <span class='ocrx_word' id='word_1_192' title='bbox 799 3373 895 3422; x_wconf 86' lang='lat' dir='ltr'>anno</span> <span class='ocrx_word' id='word_1_193' title='bbox 919 3347 966 3421; x_wconf 84' lang='lat' dir='ltr'>ab</span> <span class='ocrx_word' id='word_1_194' title='bbox 990 3345 1234 3420; x_wconf 81' lang='lat' dir='ltr'>incarnatione</span> <span class='ocrx_word' id='word_1_195' title='bbox 1259 3340 1411 3418; x_wconf 92' lang='lat' dir='ltr'>Domini</span> <span class='ocrx_word' id='word_1_196' title='bbox 1432 3353 1481 3422; x_wconf 86' lang='lat' dir='ltr'>‹n⁰</span> <span class='ocrx_word' id='word_1_197' title='bbox 1498 3351 1552 3416; x_wconf 85' lang='lat' dir='ltr'>cc⁰</span> <span class='ocrx_word' id='word_1_198' title='bbox 1569 3341 1647 3414; x_wconf 86' lang='lat' dir='ltr'>xix⁰</span> <span class='ocrx_word' id='word_1_199' title='bbox 1670 3383 1678 3402; x_wconf 92' lang='lat'><strong>·</strong></span> <span class='ocrx_word' id='word_1_200' title='bbox 1704 3355 1741 3416; x_wconf 91' lang='lat' dir='ltr'>et</span> 
     </span>
     <span class='ocr_line' id='line_1_20' title="bbox 226 3467 1891 3582; baseline -0.007 -22"><span class='ocrx_word' id='word_1_201' title='bbox 226 3511 338 3560; x_wconf 81' lang='lat' dir='ltr'>vnum</span> <span class='ocrx_word' id='word_1_202' title='bbox 360 3480 605 3557; x_wconf 90' lang='lat' dir='ltr'>molendinum</span> <span class='ocrx_word' id='word_1_203' title='bbox 629 3478 733 3581; x_wconf 81' lang='lat' dir='ltr'>super</span> <span class='ocrx_word' id='word_1_204' title='bbox 754 3478 885 3582; x_wconf 83' lang='lat' dir='ltr'>Heryn</span> <span class='ocrx_word' id='word_1_205' title='bbox 906 3476 1005 3577; x_wconf 86' lang='lat' dir='ltr'>apud</span> <span class='ocrx_word' id='word_1_206' title='bbox 1028 3473 1230 3576; x_wconf 68' lang='lat' dir='ltr'>Dunfallyn</span> <span class='ocrx_word' id='word_1_207' title='bbox 1256 3476 1355 3576; x_wconf 91' lang='lat' dir='ltr'>quod</span> <span class='ocrx_word' id='word_1_208' title='bbox 1380 3476 1612 3550; x_wconf 82' lang='lat' dir='ltr'>firmaverunt</span> <span class='ocrx_word' id='word_1_209' title='bbox 1632 3467 1741 3575; x_wconf 86' lang='lat' dir='ltr'>juxta</span> <span class='ocrx_word' id='word_1_210' title='bbox 1887 3501 1891 3508; x_wconf 88' lang='lat'><em>·</em></span> 
     </span>
    </p>

    <p class='ocr_par' dir='ltr' id='par_1_4' title="bbox 108 3606 1741 4642">
     <span class='ocr_line' id='line_1_21' title="bbox 108 3606 1738 3712; baseline -0.006 -20"><span class='ocrx_word' id='word_1_211' title='bbox 108 3620 115 3636; x_wconf 82' lang='lat'>&#39;</span> <span class='ocrx_word' id='word_1_212' title='bbox 227 3614 474 3692; x_wconf 90' lang='lat' dir='ltr'>molendinum</span> <span class='ocrx_word' id='word_1_213' title='bbox 503 3639 626 3689; x_wconf 93' lang='lat' dir='ltr'>meum</span> <span class='ocrx_word' id='word_1_214' title='bbox 654 3639 738 3688; x_wconf 90' lang='lat' dir='ltr'>cum</span> <span class='ocrx_word' id='word_1_215' title='bbox 767 3611 867 3686; x_wconf 92' lang='lat' dir='ltr'>omni</span> <span class='ocrx_word' id='word_1_216' title='bbox 896 3613 1112 3712; x_wconf 81' lang='lat' dir='ltr'>ayliamento</span> <span class='ocrx_word' id='word_1_217' title='bbox 1145 3608 1243 3709; x_wconf 89' lang='lat' dir='ltr'>quod</span> <span class='ocrx_word' id='word_1_218' title='bbox 1274 3609 1457 3683; x_wconf 86' lang='lat' dir='ltr'>firmatum</span> <span class='ocrx_word' id='word_1_219' title='bbox 1489 3606 1539 3682; x_wconf 85' lang='lat' dir='ltr'>est</span> <span class='ocrx_word' id='word_1_220' title='bbox 1567 3633 1663 3682; x_wconf 87' lang='lat' dir='ltr'>anno</span> <span class='ocrx_word' id='word_1_221' title='bbox 1692 3609 1738 3682; x_wconf 88' lang='lat' dir='ltr'>ab</span> 
     </span>
     <span class='ocr_line' id='line_1_22' title="bbox 227 3734 1740 3838; baseline -0.006 -14"><span class='ocrx_word' id='word_1_222' title='bbox 227 3747 471 3825; x_wconf 80' lang='lat' dir='ltr'>incarnatione</span> <span class='ocrx_word' id='word_1_223' title='bbox 487 3743 639 3822; x_wconf 92' lang='lat' dir='ltr'>Domini</span> <span class='ocrx_word' id='word_1_224' title='bbox 654 3754 704 3824; x_wconf 81' lang='lat' dir='ltr'>to⁰</span> <span class='ocrx_word' id='word_1_225' title='bbox 721 3753 776 3819; x_wconf 81' lang='grc' dir='ltr'>οοο</span> <span class='ocrx_word' id='word_1_226' title='bbox 792 3744 870 3818; x_wconf 76' lang='lat' dir='ltr'>xix⁹</span> <span class='ocrx_word' id='word_1_227' title='bbox 891 3779 900 3806; x_wconf 84' lang='lat'><strong>·</strong></span> <span class='ocrx_word' id='word_1_228' title='bbox 927 3741 1011 3818; x_wconf 87' lang='lat' dir='ltr'>Hoc</span> <span class='ocrx_word' id='word_1_229' title='bbox 1032 3755 1155 3818; x_wconf 86' lang='lat' dir='ltr'>autem</span> <span class='ocrx_word' id='word_1_230' title='bbox 1177 3738 1298 3815; x_wconf 87' lang='lat' dir='ltr'>omnia</span> <span class='ocrx_word' id='word_1_231' title='bbox 1316 3737 1397 3814; x_wconf 83' lang='lat' dir='ltr'>volo</span> <span class='ocrx_word' id='word_1_232' title='bbox 1419 3753 1461 3814; x_wconf 86' lang='lat' dir='ltr'>ut</span> <span class='ocrx_word' id='word_1_233' title='bbox 1482 3734 1611 3838; x_wconf 82' lang='lat' dir='ltr'>prefati</span> <span class='ocrx_word' id='word_1_234' title='bbox 1630 3755 1740 3815; x_wconf 83' lang='lat' dir='ltr'>cano-</span> 
     </span>
     <span class='ocr_line' id='line_1_23' title="bbox 227 3869 1741 3976; baseline -0.006 -19"><span class='ocrx_word' id='word_1_235' title='bbox 227 3882 298 3958; x_wconf 92' lang='lat' dir='ltr'>nici</span> <span class='ocrx_word' id='word_1_236' title='bbox 320 3881 479 3955; x_wconf 85' lang='lat' dir='ltr'>habeant</span> <span class='ocrx_word' id='word_1_237' title='bbox 502 3891 651 3954; x_wconf 86' lang='lat' dir='ltr'>teneant</span> <span class='ocrx_word' id='word_1_238' title='bbox 671 3890 711 3952; x_wconf 89' lang='lat' dir='ltr'>et</span> <span class='ocrx_word' id='word_1_239' title='bbox 732 3873 927 3976; x_wconf 84' lang='lat' dir='ltr'>pollideant</span> <span class='ocrx_word' id='word_1_240' title='bbox 949 3871 988 3948; x_wconf 89' lang='lat' dir='ltr'>in</span> <span class='ocrx_word' id='word_1_241' title='bbox 1012 3897 1141 3975; x_wconf 85' lang='lat' dir='ltr'>puram</span> <span class='ocrx_word' id='word_1_242' title='bbox 1164 3885 1201 3948; x_wconf 88' lang='lat' dir='ltr'>ct</span> <span class='ocrx_word' id='word_1_243' title='bbox 1226 3886 1437 3974; x_wconf 85' lang='lat' dir='ltr'>perpetuam</span> <span class='ocrx_word' id='word_1_244' title='bbox 1464 3869 1680 3947; x_wconf 74' lang='lat' dir='ltr'>elimosinam</span> <span class='ocrx_word' id='word_1_245' title='bbox 1700 3873 1741 3948; x_wconf 92' lang='lat' dir='ltr'>in</span> 
     </span>
     <span class='ocr_line' id='line_1_24' title="bbox 228 4004 1739 4112; baseline -0.007 -21"><span class='ocrx_word' id='word_1_246' title='bbox 228 4014 330 4092; x_wconf 87' lang='lat' dir='ltr'>bosco</span> <span class='ocrx_word' id='word_1_247' title='bbox 352 4027 391 4089; x_wconf 87' lang='lat' dir='ltr'>et</span> <span class='ocrx_word' id='word_1_248' title='bbox 412 4009 519 4112; x_wconf 81' lang='lat' dir='ltr'>plano</span> <span class='ocrx_word' id='word_1_249' title='bbox 543 4011 583 4084; x_wconf 93' lang='lat' dir='ltr'>in</span> <span class='ocrx_word' id='word_1_250' title='bbox 607 4009 711 4085; x_wconf 85' lang='lat' dir='ltr'>terris</span> <span class='ocrx_word' id='word_1_251' title='bbox 736 4023 774 4083; x_wconf 90' lang='lat' dir='ltr'>et</span> <span class='ocrx_word' id='word_1_252' title='bbox 798 4006 900 4108; x_wconf 88' lang='lat' dir='ltr'>aquis</span> <span class='ocrx_word' id='word_1_253' title='bbox 920 4007 960 4082; x_wconf 90' lang='lat' dir='ltr'>in</span> <span class='ocrx_word' id='word_1_254' title='bbox 981 4007 1094 4109; x_wconf 85' lang='lat' dir='ltr'>pratis</span> <span class='ocrx_word' id='word_1_255' title='bbox 1116 4019 1152 4083; x_wconf 91' lang='lat' dir='ltr'>et</span> <span class='ocrx_word' id='word_1_256' title='bbox 1173 4004 1309 4107; x_wconf 87' lang='lat' dir='ltr'>pascuis</span> <span class='ocrx_word' id='word_1_257' title='bbox 1329 4005 1368 4078; x_wconf 93' lang='lat' dir='ltr'>in</span> <span class='ocrx_word' id='word_1_258' title='bbox 1386 4005 1497 4079; x_wconf 89' lang='lat' dir='ltr'>moris</span> <span class='ocrx_word' id='word_1_259' title='bbox 1513 4018 1553 4080; x_wconf 89' lang='lat' dir='ltr'>et</span> <span class='ocrx_word' id='word_1_260' title='bbox 1566 4005 1739 4080; x_wconf 85' lang='lat' dir='ltr'>marrefiis</span> 
     </span>
     <span class='ocr_line' id='line_1_25' title="bbox 229 4135 1738 4247; baseline -0.007 -25"><span class='ocrx_word' id='word_1_261' title='bbox 229 4148 265 4222; x_wconf 90' lang='lat' dir='ltr'>in</span> <span class='ocrx_word' id='word_1_262' title='bbox 292 4146 427 4247; x_wconf 79' lang='lat' dir='ltr'>stagnis</span> <span class='ocrx_word' id='word_1_263' title='bbox 453 4157 491 4221; x_wconf 90' lang='lat' dir='ltr'>et</span> <span class='ocrx_word' id='word_1_264' title='bbox 517 4141 731 4219; x_wconf 89' lang='lat' dir='ltr'>molendinis</span> <span class='ocrx_word' id='word_1_265' title='bbox 757 4141 796 4215; x_wconf 92' lang='lat' dir='ltr'>in</span> <span class='ocrx_word' id='word_1_266' title='bbox 824 4139 979 4241; x_wconf 86' lang='lat' dir='ltr'>piscariis</span> <span class='ocrx_word' id='word_1_267' title='bbox 1006 4163 1073 4239; x_wconf 85' lang='lat' dir='ltr'>per</span> <span class='ocrx_word' id='word_1_268' title='bbox 1101 4163 1225 4212; x_wconf 86' lang='lat' dir='ltr'>omnes</span> <span class='ocrx_word' id='word_1_269' title='bbox 1254 4138 1366 4213; x_wconf 73' lang='lat' dir='ltr'>rectas</span> <span class='ocrx_word' id='word_1_270' title='bbox 1395 4136 1473 4212; x_wconf 85' lang='lat' dir='ltr'>sues</span> <span class='ocrx_word' id='word_1_271' title='bbox 1500 4135 1629 4212; x_wconf 85' lang='lat' dir='ltr'>diuisas</span> <span class='ocrx_word' id='word_1_272' title='bbox 1656 4165 1738 4212; x_wconf 89' lang='lat' dir='ltr'>cum</span> 
     </span>
     <span class='ocr_line' id='line_1_26' title="bbox 229 4269 1740 4376; baseline -0.006 -21"><span class='ocrx_word' id='word_1_273' title='bbox 229 4279 395 4356; x_wconf 90' lang='lat' dir='ltr'>omuibus</span> <span class='ocrx_word' id='word_1_274' title='bbox 411 4277 515 4376; x_wconf 83' lang='lat' dir='ltr'>justis</span> <span class='ocrx_word' id='word_1_275' title='bbox 539 4272 767 4375; x_wconf 90' lang='lat' dir='ltr'>pertiuentiis</span> <span class='ocrx_word' id='word_1_276' title='bbox 791 4271 861 4348; x_wconf 87' lang='lat' dir='ltr'>luis</span> <span class='ocrx_word' id='word_1_277' title='bbox 886 4273 937 4348; x_wconf 91' lang='lat' dir='ltr'>ita</span> <span class='ocrx_word' id='word_1_278' title='bbox 960 4270 1071 4348; x_wconf 89' lang='lat' dir='ltr'>libere</span> <span class='ocrx_word' id='word_1_279' title='bbox 1095 4285 1133 4347; x_wconf 90' lang='lat' dir='ltr'>et</span> <span class='ocrx_word' id='word_1_280' title='bbox 1157 4269 1277 4371; x_wconf 89' lang='lat' dir='ltr'>quiete</span> <span class='ocrx_word' id='word_1_281' title='bbox 1301 4269 1460 4372; x_wconf 87' lang='lat' dir='ltr'>plenarie</span> <span class='ocrx_word' id='word_1_282' title='bbox 1485 4285 1522 4346; x_wconf 87' lang='lat' dir='ltr'>et</span> <span class='ocrx_word' id='word_1_283' title='bbox 1546 4269 1740 4346; x_wconf 86' lang='lat' dir='ltr'>honorilice</span> 
     </span>
     <span class='ocr_line' id='line_1_27' title="bbox 228 4400 1739 4508; baseline -0.002 -24"><span class='ocrx_word' id='word_1_284' title='bbox 228 4413 316 4486; x_wconf 84' lang='lat' dir='ltr'>ficut</span> <span class='ocrx_word' id='word_1_285' title='bbox 342 4407 463 4508; x_wconf 87' lang='lat' dir='ltr'>aliqua</span> <span class='ocrx_word' id='word_1_286' title='bbox 491 4407 681 4484; x_wconf 85' lang='lat' dir='ltr'>elemolina</span> <span class='ocrx_word' id='word_1_287' title='bbox 703 4403 745 4480; x_wconf 88' lang='lat' dir='ltr'>in</span> <span class='ocrx_word' id='word_1_288' title='bbox 768 4417 845 4480; x_wconf 87' lang='lat' dir='ltr'>toto</span> <span class='ocrx_word' id='word_1_289' title='bbox 869 4429 980 4505; x_wconf 85' lang='lat' dir='ltr'>regno</span> <span class='ocrx_word' id='word_1_290' title='bbox 1005 4401 1128 4480; x_wconf 85' lang='lat' dir='ltr'>Scotie</span> <span class='ocrx_word' id='word_1_291' title='bbox 1154 4401 1200 4478; x_wconf 84' lang='lat' dir='ltr'>ab</span> <span class='ocrx_word' id='word_1_292' title='bbox 1227 4401 1345 4501; x_wconf 89' lang='lat' dir='ltr'>aliquo</span> <span class='ocrx_word' id='word_1_293' title='bbox 1371 4402 1501 4478; x_wconf 88' lang='lat' dir='ltr'>comite</span> <span class='ocrx_word' id='word_1_294' title='bbox 1524 4400 1580 4478; x_wconf 83' lang='lat' dir='ltr'>vol</span> <span class='ocrx_word' id='word_1_295' title='bbox 1606 4405 1739 4481; x_wconf 89' lang='lat' dir='ltr'>barone</span> 
     </span>
     <span class='ocr_line' id='line_1_28' title="bbox 227 4535 1737 4642; baseline -0.005 -22"><span class='ocrx_word' id='word_1_296' title='bbox 227 4542 373 4620; x_wconf 86' lang='lat' dir='ltr'>liberius</span> <span class='ocrx_word' id='word_1_297' title='bbox 401 4541 558 4642; x_wconf 90' lang='lat' dir='ltr'>quietius</span> <span class='ocrx_word' id='word_1_298' title='bbox 583 4539 766 4642; x_wconf 88' lang='lat' dir='ltr'>plenarius</span> <span class='ocrx_word' id='word_1_299' title='bbox 791 4553 828 4614; x_wconf 89' lang='lat' dir='ltr'>et</span> <span class='ocrx_word' id='word_1_300' title='bbox 853 4536 1145 4613; x_wconf 86' lang='lat' dir='ltr'>honorificentius</span> <span class='ocrx_word' id='word_1_301' title='bbox 1173 4549 1316 4612; x_wconf 89' lang='lat' dir='ltr'>tenetur</span> <span class='ocrx_word' id='word_1_302' title='bbox 1342 4551 1379 4614; x_wconf 85' lang='lat' dir='ltr'>et</span> <span class='ocrx_word' id='word_1_303' title='bbox 1405 4535 1627 4637; x_wconf 85' lang='lat' dir='ltr'>poffidetur·</span> <span class='ocrx_word' id='word_1_304' title='bbox 1655 4537 1737 4636; x_wconf 84' lang='lat' dir='ltr'>Ego</span> 
     </span>
    </p>
   </div>
   <div class='ocr_carea' id='block_1_4' title="bbox 229 4665 1737 4770">
    <p class='ocr_par' dir='ltr' id='par_1_5' title="bbox 229 4665 1737 4770">
     <span class='ocr_line' id='line_1_29' title="bbox 229 4665 1737 4770; baseline -0.005 -20"><span class='ocrx_word' id='word_1_305' title='bbox 229 4702 312 4753; x_wconf 81' lang='lat' dir='ltr'>vero</span> <span class='ocrx_word' id='word_1_306' title='bbox 335 4673 487 4751; x_wconf 86' lang='lat' dir='ltr'>heredes</span> <span class='ocrx_word' id='word_1_307' title='bbox 511 4673 582 4748; x_wconf 88' lang='lat' dir='ltr'>mci</span> <span class='ocrx_word' id='word_1_308' title='bbox 603 4686 721 4749; x_wconf 90' lang='lat' dir='ltr'>totum</span> <span class='ocrx_word' id='word_1_309' title='bbox 742 4669 951 4748; x_wconf 80' lang='lat' dir='ltr'>forinsecum</span> <span class='ocrx_word' id='word_1_310' title='bbox 973 4668 1155 4746; x_wconf 88' lang='lat' dir='ltr'>seruitium</span> <span class='ocrx_word' id='word_1_311' title='bbox 1177 4669 1314 4744; x_wconf 90' lang='lat' dir='ltr'>domini</span> <span class='ocrx_word' id='word_1_312' title='bbox 1335 4665 1446 4769; x_wconf 83' lang='lat' dir='ltr'>Regis</span> <span class='ocrx_word' id='word_1_313' title='bbox 1467 4666 1564 4769; x_wconf 92' lang='lat' dir='ltr'>quod</span> <span class='ocrx_word' id='word_1_314' title='bbox 1585 4669 1632 4742; x_wconf 87' lang='lat' dir='ltr'>ad</span> <span class='ocrx_word' id='word_1_315' title='bbox 1654 4694 1737 4770; x_wconf 74' lang='lat' dir='ltr'>prc-</span> 
     </span>
    </p>
   </div>
   <div class='ocr_carea' id='block_1_5' title="bbox 0 0 2230 6034">
    <p class='ocr_par' dir='ltr' id='par_1_6' title="bbox 0 0 2230 6034">
     <span class='ocr_line' id='line_1_30' title="bbox 0 0 2230 6034; baseline 0 0"><span class='ocrx_word' id='word_1_316' title='bbox 0 0 2230 6034; x_wconf 95' lang='lat' dir='ltr'> </span> 
     </span>
    </p>
   </div>
  </div>
 </body>
</html>
