4450 6034
430 582 493 645 124
881 578 1076 643 CARTAE
1104 576 1462 644 Rucunntottns

373 898 414 961 13
432 898 683 965 lustramentum
696 896 801 964 aesino
816 848 912 984 super
926 898 1037 963 eedem
1053 897 1164 963 datum
1179 898 1222 966 17
1238 898 1389 964 Octobris
1405 901 1503 967 1559.

374 1252 414 1313 14
432 1256 528 1321 Certa
548 1254 773 1322 feuditirmaria
793 1256 834 1320 ab
849 1252 1031 1319 Alexandro
1051 1252 1243 1319 Atheniensi
1262 1251 1504 1341 archiepiscopo
1522 1251 1860 1340 commendatas-ioque
1881 1274 1953 1338 per·

431 1383 529 1459 petuo
543 1372 726 1438 monasterii
736 1372 845 1439 Insula
854 1371 1024 1438 Missurum
1039 1372 1209 1437 saetacum
1221 1393 1379 1438 consensu
1393 1370 1527 1458 capituli
1539 1370 1680 1438 Patricio
1691 1374 1844 1458 Murraye
1855 1393 1953 1457 super

431 1492 523 1557 tamis
537 1490 724 1577 subscriptis
738 1491 798 1557 viz.
813 1490 981 1557 duodecim
994 1490 1144 1557 mercatis
1158 1500 1314 1557 terramm
1329 1491 1370 1555 de
1384 1490 1418 1555 N
1417 1512 1466 1555 ew
1476 1492 1557 1557 Raw
1568 1491 1696 1578 antiqui
1710 1501 1863 1557 extentus
1877 1512 1950 1555 cum

431 1608 635 1695 pertinenciis
653 1610 833 1695 jacentibus
854 1608 888 1674 in
909 1610 1060 1697 parochia
1081 1608 1122 1675 de
1144 1609 1309 1676 Madendie
1331 1609 1546 1697 quadraginta
1566 1610 1713 1677 solidatis
1735 1621 1893 1678 terrarum
1911 1610 1952 1674 de

431 1729 559 1817 Thorny
575 1729 644 1795 Hill
661 1730 740 1795 alias
755 1728 898 1795 Wallaco
912 1728 989 1795 land
1011 1750 1084 1795 cum
1103 1738 1198 1815 prate
1217 1738 1252 1795 et
1270 1728 1368 1794 moris
1382 1728 1558 1795 earundem
1571 1731 1667 1797 terris
1682 1732 1723 1797 de
1738 1730 1952 1819 Wynminhill
2010 1758 2022 1777 ·

431 1868 503 1913 cum
519 1848 664 1915 domibus
678 1859 711 1915 et
725 1848 826 1915 hortis
845 1848 1017 1914 earundem
1034 1847 1129 1913 terris
1142 1847 1183 1912 de
1198 1848 1317 1914 Warde
1332 1848 1462 1914 Todhill
1476 1859 1512 1915 et
1525 1851 1599 1937 Hay
1613 1872 1713 1936 grene
1727 1873 1803 1915 cum
1817 1850 1953 1937 singulis

430 1968 602 2033 amandam
612 1967 817 2055 pertineneijs
827 1967 974 2033 bondatis
986 1978 1022 2031 ut
1033 1966 1179 2053 sequitur
1189 1966 1250 2032 viz.
1262 1967 1347 2032 inter
1360 1967 1483 2054 sylvam
1493 1979 1639 2034 vocatam
1648 1970 1877 2036 inchecheviot
1889 1972 1953 2035 and

429 2086 471 2151 lie
493 2086 561 2173 peit
578 2088 646 2173 gait
665 2087 803 2173 passand
822 2086 872 2151 fra
888 2108 927 2173 ye
946 2096 1025 2151 west
1043 2086 1131 2151 nuke
1146 2085 1184 2149 of
1198 2107 1238 2170 ye
1253 2084 1384 2150 Tcdhill
1398 2095 1432 2151 to
1447 2108 1488 2172 ye
1503 2085 1580 2172 lang
1596 2088 1747 2155 medoen
1761 2090 1953 2155 occidentali

429 2206 561 2273 viridem
583 2207 710 2271 hortum
730 2204 904 2291 vulgariter
924 2226 964 2291 ye
989 2226 1087 2290 mene
1111 2202 1198 2269 aaird
1217 2203 1404 2295 ammirlane
1426 2205 1514 2270 naird
1535 2217 1570 2272 et
1591 2206 1635 2272 lie
1656 2207 1773 2293 prioris
1794 2209 1889 2273 medo
1910 2230 1951 2274 ex

430 2322 577 2389 orientali
596 2333 630 2388 et
647 2323 690 2389 lie
711 2346 780 2409 pow
801 2346 841 2389 ex
860 2321 980 2389 boreali
994 2333 1028 2387 et
1041 2321 1083 2387 lie
1099 2322 1172 2387 well
1189 2324 1273 2388 croft
1288 2333 1323 2389 et
1337 2344 1472 2389 accome
1486 2324 1577 2389 sauld
1596 2347 1639 2391 ex
1653 2328 1789 2393 australi
1803 2329 1952 2413 partibus

430 2462 493 2507 rna
505 2463 579 2507 curn
594 2452 685 2527 prate
700 2439 795 2527 vulgo
809 2450 921 2507 vocato
936 2439 1050 2527 prioris
1064 2440 1158 2506 medo
1172 2462 1211 2507 ae
1225 2440 1322 2507 etiam
1332 2442 1471 2509 diuersis
1484 2444 1634 2510 domibus
1648 2456 1683 2513 et
1695 2446 1739 2512 lie
1749 2448 1813 2532 ged
1827 2449 1952 2514 stantis

430 2574 464 2628 et
478 2562 573 2629 etiam
589 2562 631 2627 lie
647 2562 763 2627 breade
774 2562 871 2648 jnehe
882 2563 1010 2647 jacente
1025 2582 1067 2625 ex
1081 2573 1172 2647 parur
1187 2560 1309 2626 boreali
1323 2562 1411 2648 sylva
1425 2563 1466 2628 de
1482 2563 1650 2631 lneheviot
1660 2587 1724 2630 vna
1733 2588 1809 2633 eum
1819 2580 1953 2653 pastura

430 2680 612 2747 animalium
631 2680 663 2745 in
681 2679 723 2747 lie
740 2680 866 2747 duobus
880 2690 959 2745 west
975 2682 1087 2745 moesis
1101 2679 1284 2765 iacentibus
1300 2701 1343 2745 ex
1359 2680 1494 2747 australi
1512 2693 1547 2747 et
1564 2683 1686 2749 bereali
1700 2686 1847 2771 partibus
1867 2688 1952 2753 dicte

431 2801 517 2887 sylva
540 2799 579 2865 de
601 2799 825 2866 lnchccheriot
850 2820 912 2865 vna
934 2818 1007 2863 cum
1033 2798 1200 2884 privilegio
1226 2798 1370 2865 lucrandi
1398 2810 1433 2865 et
1461 2800 1604 2867 fodiendi
1636 2804 1815 2871 octodecim
1848 2806 1952 2871 dietas

430 2930 577 3008 patarum
598 2918 657 2984 viz.
684 2920 833 2985 amttam
854 2921 918 3005 day
940 2920 1054 2983 worlcsh
1069 2920 1165 3003 peitie
1187 2917 1219 2982 in
1245 2917 1340 2984 dictis
1364 2920 1525 2986 menesiis
1550 2922 1745 3009 easdemque
1771 2925 1952 2991 abducendi

432 3050 573 3127 tempore
594 3037 687 3105 solito
702 3036 875 3103 Reddendo
899 3084 906 3101 .
937 3082 945 3099 .
976 3036 1086 3101 .Data
1105 3037 1166 3101 sub
1186 3036 1346 3101 communi
1365 3036 1470 3123 sigillo
1485 3040 1572 3125 apud
1592 3042 1820 3107 monasterium
1843 3045 1951 3109 Insula

432 3160 601 3225 Missurum
617 3157 697 3223 AD.
715 3158 756 3221 15
772 3158 790 3193 *
808 3154 824 3189 ⁹
840 3165 874 3220 et
889 3152 1069 3240 subscripta

605 3392 787 3459 Alexander
802 3390 1096 3458 Commendatarius
1342 3394 1482 3461 Thomas
1498 3397 1671 3480 Gardener,
1688 3402 1775 3487 prior

605 3511 785 3578 Alexander
799 3512 930 3595 Murray
1343 3513 1506 3581 Robertus
1521 3518 1584 3584 Car

605 3629 784 3699 Willelmus
798 3630 917 3695 Melsos
1342 3632 1500 3718 Georgius
1516 3635 1620 3722 Spens

1346 3750 1473 3817 Paulus
1489 3754 1695 3842 Cwnygham.

376 4122 417 4185 15
434 4113 609 4199 Diocharge
627 4111 729 4177 under
752 4108 806 4175 the
830 4094 975 4175 common
992 4104 1064 4173 seill
1081 4107 1194 4192 bytho
1216 4108 1454 4173 commendator
1469 4111 1533 4176 and
1555 4124 1694 4179 convent
1715 4116 1754 4179 of
1772 4116 1953 4204 Inchaffray

433 4235 466 4299 in
481 4233 593 4300 favour
607 4231 644 4299 cf
655 4228 785 4297 Patriek
800 4229 930 4314 Murray
946 4226 1161 4293 chamberlain
1176 4226 1213 4291 of
1223 4228 1278 4292 the
1292 4226 1362 4291 said
1375 4229 1480 4315 abbay
1490 4229 1541 4294 sor
1554 4230 1605 4297 hie
1620 4231 1860 4301 intromissioun
1874 4238 1951 4303 with

433 4355 488 4420 the
503 4350 608 4419 fruitis
622 4350 721 4417 rantis
735 4346 868 4436 preditis
882 4346 1023 4413 dewities
1039 4344 1174 4430 jowellis
1192 4345 1361 4453 audather
1375 4346 1481 4431 greith
1498 4360 1678 4438 pertenyng
1695 4353 1821 4421 thnirtc.
1867 4359 1951 4423 snb.

435 4474 543 4541 scrivit
557 4483 591 4538 at
606 4518 736 4537 ......
753 4469 892 4535 Aulo
909 4475 926 4511 ³
943 4475 960 4511 ³
